3131 5145
1436 416 1842 497 '—64-

464 562 643 631 'hinc
679 588 812 648 rex,
851 567 1024 631 illinc
1062 570 1227 628 Deus
1265 568 1345 629 ad
1390 565 1704 629 delectum
1745 586 1860 629 nos
1907 572 2113 645 vocet,
2149 566 2290 647 quis
2329 585 2568 647 regem,
2611 574 2684 628 ut
2727 568 2858 629 Deo

497 668 863 741 militemus„
894 665 1304 727 deferendum
1334 684 1463 727 non
1493 656 1768 728 statuat?
1799 668 1962 744 Ergo
2000 674 2127 725 non
2170 663 2357 726 modo
2397 682 2528 725 non
2563 670 2858 727 tenemur

496 765 751 828 obedire
781 763 913 842 regi
938 764 1162 825 contra
1191 762 1393 840 legem
1423 762 1536 823 Dei
1564 762 1719 843 quid
1748 762 2110 843 imperanti,
2145 760 2365 823 verum
2395 761 2589 822 etiam
2619 761 2674 822 si
2703 761 2854 824 obe-

495 863 766 941 diamuS,
798 858 1065 922 rebelles
1090 878 1328 921 sumus.
1364 884 1394 917 »

575 961 760 1023 Venit
802 966 1025 1040 postea
1076 958 1392 1019 Hubertus
1440 959 1801 1035 Languetus
1859 958 1942 1017 ad
1993 956 2450 1038 exquirendam
2504 958 2850 1019 secundam

496 1058 910 1140 quaestionem
958 1074 973 1119 :
1025 1074 1107 1116 an
1154 1055 1338 1116 liceat
1384 1055 1672 1117 resistere
1723 1055 1994 1135 principi
2041 1054 2247 1133 legem
2304 1054 2415 1114 Dei
2468 1053 2735 1115 violanti
2789 1061 2858 1115 et

496 1156 820 1219 ecclesiam
870 1154 980 1216 Dei
1017 1152 1290 1215 vastanti
1340 1170 1355 1214 :
1402 1151 1654 1232 quibuS,
1697 1152 2019 1233 quomodo
2059 1157 2122 1213 et
2160 1157 2494 1231 quatenus,
2536 1151 2633 1212 Ad
2679 1152 2853 1233 quod

495 1252 967 1335 explanandum
998 1250 1255 1311 adhibet
1284 1268 1530 1314 sacram
1564 1250 1954 1330 Scripturam
1985 1258 2049 1311 et
2075 1249 2445 1311 Judaeorum
2493 1248 2850 1310 historiam.

570 1351 661 1413 Ad
693 1349 897 1411 foedus
937 1347 1284 1429 antiquitus
1312 1347 1624 1409 sancitum
1663 1346 1830 1408 inter
1866 1348 2066 1408 Deum
2110 1346 2546 1427 populumque
2587 1365 2653 1407 se
2695 1366 2852 1409 con-

491 1449 635 1522 fert,
677 1446 959 1526 illudque
1011 1445 1421 1527 conspicuum
1478 1452 1539 1505 et
1588 1444 1909 1523 singulare
1949 1442 2191 1525 praebet
2234 1444 2403 1523 quod
2441 1443 2604 1521 juris
2652 1443 2850 1505 civilis

491 1544 821 1607 scientiam
862 1562 1004 1606 cum
1053 1549 1262 1605 mente
1302 1543 1641 1621 Scripturae
1685 1548 1750 1602 et
1787 1542 2030 1604 ratione
2065 1540 2452 1602 theocratica
2498 1540 2846 1603 consociat.

492 1646 574 1705 Ut
594 1643 757 1723 juris
793 1642 1135 1722 prudentes
1166 1647 1539 1721 potestatem
1575 1641 1811 1719 regiam
1843 1658 2033 1720 super
2061 1640 2168 1719 jus
2197 1638 2378 1699 civile
2407 1644 2847 1718 superstruxe-

494 1748 657 1813 rant,
692 1740 780 1802 ita
808 1742 1165 1819 Languetus
1203 1740 1283 1799 ab
1322 1740 1546 1800 eodem
1580 1740 1724 1817 jure
1767 1737 1935 1799 civili
1973 1738 2221 1798 initium
2253 1744 2316 1800 et
2355 1754 2608 1798 causam
2643 1742 2846 1816 potes-

490 1840 606 1901 tati
648 1838 943 1919 politicae,
989 1837 1070 1900 ad
1109 1856 1295 1898 usum
1340 1836 1876 1910 Calvinianorum‚
1923 1836 2110 1897 elicit.
2153 1837 2225 1896 In
2268 1835 2392 1896 icto
2439 1834 2698 1907 foedere,
2747 1833 2861 1895 eui

491 1938 910 1998 interfuerunt
947 1954 1076 1997 una
1105 1954 1183 1996 ex
1220 1942 1400 2015 parte
1438 1937 1625 2010 DeuS‚
1660 1942 1723 1995 et
1751 1934 1954 1995 altera
1996 1952 2105 1994 rex
2146 1934 2565 2014 populusque,
2608 1932 2678 1992 hi
2715 1949 2848 1994 sese

492 2054 646 2113 erga
683 2037 879 2095 Deum
923 2032 1307 2111 conjunctim
1351 2030 1810 2109 obligaverunt.
1853 2054 1882 2087 «
1916 2030 2178 2091 Videtur
2215 2048 2366 2108 ergo
2404 2031 2569 2090 Deus
2598 2029 2842 2101 fecisse,

491 2131 683 2212 quod·
714 2132 779 2191 in
832 2128 1038 2191 dubiis
1085 2128 1447 2191 nominibus
1496 2129 1839 2190 creditores
1885 2127 2089 2189 facere
2135 2127 2362 2203 solent,
2403 2133 2472 2187 ut
2517 2125 2734 2207 plures
2778 2126 2842 2186 in

488 2229 777 2291 eamdem
834 2246 1150 2289 summam
1206 2227 1588 2305 obligentur,
1644 2233 1714 2287 ut
1769 2225 2048 2306 ejusdem
2103 2225 2196 2286 rei
2238 2224 2364 2286 duo
2415 2223 2706 2303 pluresve
2755 2223 2844 2285 rei

490 2325 902 2406 promittendi
945 2325 1431 2397 constituantur,
1477 2342 1517 2382 a
1556 2341 1830 2403 quorum
1876 2340 2282 2402 unoquoque,
2326 2328 2632 2400 tanquam
2674 2322 2844 2402 prin·

489 2424 676 2505 cipali
712 2442 821 2485 reo
856 2421 1127 2483 solidum
1164 2422 1292 2501 peti
1335 2421 1608 2501 possit...
1639 2422 1739 2481 Ita
1770 2426 2015 2481 tenetur
2057 2439 2166 2481 rex
2200 2438 2313 2499 per
2341 2438 2428 2497 se,
2465 2419 2659 2480 Israel
2691 2421 2840 2481 item

490 2541 602 2601 per
628 2510 716 2593 se,
746 2538 967 2582 curare
996 2537 1215 2581 cavere
1247 2537 1325 2579 ne
1362 2517 1513 2598 quid
1555 2518 1920 2581 detrimenti
1953 2517 2216 2580 ecclesia
2244 2516 2476 2597 capiat.
2511 2518 2666 2578 Uter
2693 2532 2840 2581 vero

487 2619 789 2698 negligat,
821 2621 986 2679 Deus
1016 2617 1097 2678 ab
1138 2617 1441 2677 alterutro
1482 2617 1796 2694 integram
1827 2635 1961 2678 rem
1995 2623 2206 2696 petere
2237 2623 2464 2696 potest,
2498 2623 2559 2677 et
2597 2635 2673 2678 eo
2705 2619 2838 2697 qui-

488 2718 631 2778 dem
666 2716 863 2795 magis
895 2734 933 2777 a
970 2714 1233 2796 popu10,
1268 2733 1461 2794 quam
1492 2734 1530 2774 a
1562 2734 1729 2794 rege,
1766 2734 1892 2795 quo
1926 2715 2137 2794 plures
2176 2722 2237 2776 et
2266 2714 2584 2776 difficilius
2612 2715 2839 2777 labun-

487 2823 591 2876 tur
621 2821 681 2876 et
710 2814 916 2892 magis
944 2811 1248 2874 solvendo
1278 2817 1424 2873 sunt
1453 2831 1645 2892 quam
1678 2833 1860 2874 unus,
1895 2837 1924 2868 »

568 2917 656 2976 Ex
682 2913 789 2974 illo
820 2912 1053 2974 soedere
1084 2911 1247 2972 inter
1268 2913 1465 2972 Deum
1493 2911 1650 2972 inito
1682 2918 1745 2971 et
1769 2931 1981 2991 regem
2005 2910 2458 2992 populumque,
2487 2912 2838 2974 necessario

488 3013 690 3072 oritur
712 3011 815 3089 jus
846 3009 1191 3071 resistendi.
1229 3011 1343 3082 Qui
1374 3009 1542 3070 enim
1573 3009 1806 3070 servari
1841 3010 2042 3090 possit
2071 3009 2196 3070 tale
2228 3009 2456 3087 foedus,
2487 3009 2539 3070 si
2565 3012 2837 3090 populus

488 3125 525 3167 a
553 3108 808 3184 regibus
835 3106 1065 3167 adduci
1094 3107 1289 3186 possit
1317 3107 1403 3166 ad·
1427 3106 1839 3169 honorandos
1868 3108 2028 3168 Deos
2059 3107 2487 3186 alienigenas?

564 3206 660 3264 lta
684 3203 935 3265 devenit
964 3206 1324 3281 Languetus
1354 3203 1430 3263 ad
1459 3203 1888 3264 definiendum
1918 3205 2026 3283 Jus
2065 3205 2258 3264 armis
2299 3205 2631 3284 renitendi,
2665 3207 2833 3286 quod

486 3301 651 3382 apud
685 3308 924 3362 veteres
955 3301 1089 3361 sine
1120 3301 1549 3362 controversia
1579 3300 1908 3378 regnabat,
1935 3307 1996 3361 et
2023 3301 2255 3362 excidit
2283 3303 2347 3362 in
2376 3302 2832 3382 disputationes

483 3399 770 3479 politicas
810 3405 951 3478 post
994 3398 1401 3476 Evangelium
1442 3403 1864 3479 propagatum
1910 3416 1925 3460 :
1971 3422 2004 3456 «
2043 3399 2261 3479 Itaque
2305 3398 2451 3460 licet
2497 3401 2737 3476 Israeli,
2779 3401 2832 3462 si

478 3515 592 3557 rex
621 3496 825 3574 legem
854 3496 963 3556 Dei
990 3496 1391 3556 ecclesiamve
1422 3500 1688 3574 evertat,
1725 3496 2034 3572 resistere,
2067 3515 2180 3558 nec
2220 3497 2280 3557 id
2309 3498 2502 3558 modo
2535 3516 2550 3558 ε
2583 3517 2824 3571 verum,

480 3595 546 3654 ni
584 3595 864 3667 fecerint,
900 3593 1176 3671 ejusdem
1228 3579 1503 3653 criminis
1553 3594 1890 3666 tenebitur,
1924 3598 1987 3654 et
2034 3594 2323 3655 eamdem
2369 3613 2628 3674 poenam
2675 3597 2822 3658 luet.

483 3691 747 3752 Resistet
775 3710 925 3752 vero
958 3691 1171 3764 verbo,
1200 3692 1251 3751 si
1276 3691 1467 3752 verbo
1495 3692 1998 3771 oppugnabitur3
2035 3693 2120 3766 vi,
2151 3693 2203 3754 si
2233 3693 2322 3768 vi;
2351 3700 2509 3765 arte,
2543 3693 2822 3774 inquam,

477 3795 541 3849 et
572 3790 785 3851 Marte.
824 3813 854 3843 »

558 3889 855 3948 Attamen
893 3885 1183 3946 renititur
1216 3890 1438 3947 auctor
1476 3891 1694 3947 noster
1731 3893 1954 3947 contra
1990 3886 2118 3946 vim
2165 3887 2548 3949 tumultuose
2587 3894 2652 3948 et
2685 3906 2830 3967 pro·

478 3985 713 4046 miscue
744 3985 1159 4058 inferendam,
1193 3991 1255 4046 et
1279 4003 1572 4064 expresse
1608 3984 2080 4046 multitudinem
2123 3983 2202 4046 ab
2243 3985 2596 4047 exercendo
2633 3985 2828 4048 rebel-

479 4082 652 4142 landi
672 4084 811 4162 jure
843 4081 1138 4142 excludit.
1173 4082 1427 4142 Privato
1459 4083 1685 4161 cuique
1718 4100 1844 4142 non
1874 4081 2236 4166 impertitur
2264 4082 2572 4162 potentia,
2598 4066 2824 4161 magis·

479 4185 700 4258 tratuS,
729 4180 832 4258 jus
866 4178 1080 4258 gladii.
1116 4179 1397 4240 Priscum
1438 4178 1641 4240 foedus
1679 4197 1716 4240 a
1754 4181 1882 4240 Deo
1922 4179 2149 4240 initum
2189 4186 2284 4242 est
2332 4199 2474 4241 cum
2525 4179 2826 4242 universis

474 4275 752 4350 insimul,
794 4295 919 4337 non
966 4295 1115 4338 vero
1163 4295 1307 4337 cum
1356 4277 1618 4355 singulis
1669 4277 2034 4358 separatim.
2091 4303 2119 4333 «
2173 4278 2352 4354 Quid,
2406 4278 2690 4358 inquies?
2727 4279 2822 4339 An

474 4391 624 4434 vero
682 4372 1039 4434 universam
1086 4373 1579 4449 multitudinem,
1628 4372 1929 4454 belluam,
1967 4373 2252 4454 inquam,
2301 4374 2475 4437 illam
2527 4373 2822 4436 innume·
