3131 5145
1342 471 1421 480 —
1462 434 1575 498 1⁴01
1619 471 1701 482 —-

340 563 674 626 confirmet
717 573 779 628 et
814 585 1078 644 regnum
1120 568 1289 649 apud
1328 569 1536 629 Gallos
1584 587 1712 629 non
1759 587 1836 628 ex
1881 567 2248 630 haereditate
2287 568 2408 630 sed'
2433 571 2508 630 ex
2539 568 2698 632 elec-

343 662 511 725 tione
562 670 771 726 ortum
818 665 1180 728 contendat.
1234 666 1540 728 Exstitere
1592 673 1656 728 et
1703 666 1811 727 alii
1862 666 2050 727 latius
2098 666 2288 730 etiam
2337 667 2696 729 Hotomano

340 767 697 840 pergenteS,
744 764 852 844 qui
903 764 1193 827 laudibus
1232 765 1511 827 Mereum
1554 765 1930 827 Politrotum
1970 767 2288 846 prosecuti
2326 772 2474 826 sunt
2509 781 2685 827 eum·

341 877 462 939 que
492 861 845 922 caelestibus
874 862 1125 923 sedibus
1154 862 1393 941 dignati
1426 869 1594 925 sunt.
1626 863 1943 924 Hubertus
1972 864 2328 942 Languetus
2357 863 2422 923 in
2467 860 2688 924 Vindi-

342 955 451 1016 ciis
499 968 712 1019 contra
752 968 1049 1041 tyrannos
1084 967 1147 1022 et
1190 960 1607 1023 Buchananus
1643 962 1710 1020 in
1754 960 1915 1021 libro
1969 959 2057 1022 De
2092 960 2243 1040 jure
2287 960 2471 1040 requi
2514 960 2691 1041 apud

341 1053 560 1115 Scocos
600 1057 989 1118 consortium
1034 1057 1228 1119 iratas
1266 1064 1508 1119 mentes
1546 1057 1754 1119 vivide
1794 1063 2199 1138 expromunt,
2235 1062 2378 1137 post
2416 1062 2694 1119 atrocem

339 1150 515 1212 illam
563 1154 803 1214 caedem
847 1153 1443 1217 Sanbartholomaea
1489 1155 1589 1216 die
1619 1154 1931 1230 habitam,
1974 1161 2037 1236 et
2084 1160 2300 1235 aperte
2346 1155 2698 1234 praedicant

334 1248 442 1328 jus
466 1269 598 1311 esse
620 1250 947 1313 occidendi
968 1259 1292 1333 tyrannOS,
1318 1253 1383 1314 id
1406 1260 1500 1315 est
1521 1254 1765 1315 Guisios
1787 1260 1852 1314 et
1873 1271 2086 1332 regem
2105 1251 2403 1314 Carolum'
2426 1271 2691 1314 nonum.

338 1348 649 1410 Permulti
694 1350 836 1411 dein
878 1350 1074 1411 libelli
1111 1350 1434 1429 vulgatam
1465 1350 1961 1413 Protestantium
2001 1351 2356 1412 doctrinam
2386 1351 2691 1424 referunt,

340 1447 862 1527 argumentisque
910 1447 1266 1509 innituntur
1302 1467 1576 1560 quorum
1609 1450 1683 1510 in
1722 1467 1968 1510 errores
2001 1466 2154 1510 sane
2183 1447 2692 1512 animadverten-

338 1541 515 1616 dum,
549 1562 917 1625 quanquam
957 1544 1211 1607 saevitiis
1246 1545 1483 1627 iniquis
1530 1547 1745 1608 vexati
1781 1552 1844 1608 et
1883 1547 2202 1609 horrenda
2252 1545 2365 1608 illa
2412 1545 2692 1608 trucida-

337 1638 509 1701 tione
538 1641 809 1703 lacessiti
840 1661 1057 1704 rursus
1084 1661 1219 1705 sese
1249 1649 1506 1705 tuentur
1534 1651 1597 1705 et
1626 1644 1973 1706 vindicant.

418 1737 768 1804 Calviniani
811 1740 1170 1819 scriptoreS,
1216 1746 1279 1802 et
1326 1741 1679 1821 praesertim
1745 1742 2125 1820 Languetus,
2184 1758 2223 1801 a
2279 1741 2695 1803 sacrosanctis

338 1834 677 1914 Scripturis
719 1836 1039 1917 praecipue
1070 1836 1572 1916 instinguuntur,
1614 1857 1742 1899 non
1799 1837 2101 1918 neglectis
2143 1836 2550 1917 antiquorum
2595 1839 2695 1900 vel

338 1935 760 1995 recentiorum
790 1935 1117 1997 annalium
1154 1937 1480 2017 exemplis.
1516 1936 2045 1999 confirmavimus
2075 1942 2292 2017 poetas
2324 1954 2577 2016 quoque
2616 1955 2696 2002 ex

338 2033 559 2095 eodem
596 2032 773 2094 fonte
812 2032 1118 2107 hausisse,
1162 2034 1437 2096 maxime
1477 2035 1832 2096 Bartasium
1876 2033 1938 2094 in
1975 2052 2089 2095 suo
2131 2032 2691 2110 Juditlzcarmine',

335 2131 657 2192 Albinium
705 2131 768 2191 in
827 2130 1100 2213 Traqicis
1167 2139 1230 2193 et
1274 2133 1614 2194 Grevinum
1667 2134 1732 2194 in
1778 2131 2037 2194 Caesaris
2086 2131 2414 2210 tragoedia.
2462 2131 2694 2192 Omnes

338 2248 516 2308 aeque
573 2229 699 2290 sive
750 2229 1100 2291 carminum
1158 2230 1287 2290 sive
1342 2231 1650 2310 pedestris
1709 2230 2018 2291 sermonis
2065 2235 2384 2290 auctores
2402 2228 2692 2290 certatim

338 2344 597 2406 operam
629 2326 1085 2407 impenderunt
1114 2328 1195 2389 ad
1233 2327 1655 2390 stimulandos
1683 2328 1956 2406 anim03,
1987 2325 2430 2405 doctrinasque
2459 2343 2688 2387 conso-

334 2424 577 2486 ciorum
607 2423 1099 2488 confirmandas.

417 2521 718 2584 Ceterum
774 2523 1035 2585 maximi
1083 2525 1255 2586 fuere
1306 2523 1613 2586 momenti
1657 2543 1757 2585 res
1796 2529 2136 2604 praesentes
2183 2528 2246 2584 et
2283 2528 2573 2603 tempora
2608 2520 2692 2582 ad

336 2623 653 2683 acuendos
682 2623 1169 2702 protestantium
1197 2623 1444 2684 animos
1478 2642 1491 2683 :
1528 2623 1700 2702 quod
1731 2622 2011 2683 maxime
2031 2620 2238 2701 patuit
2259 2639 2452 2699 quum
2479 2637 2690 2680 rerum

334 2726 583 2786 mutata
639 2723 771 2781 vice
830 2720 1133 2782 Henricus
1182 2721 1425 2795 tertiae,
1472 2726 1618 2800 post
1669 2719 1921 2781 civilem
1966 2719 2032 2778 in
2079 2718 2194 2779 viis
2237 2716 2710 2778 parisiensibus,

333 2836 613 2899 pugnam
646 2824 707 2879 et
737 2817 979 2880 Guisios
1009 2818 1327 2899 principes
1349 2819 1613 2896 occis05,
1646 2836 1786 2878 cum
1820 2818 2103 2877 Navarro
2134 2815 2498 2876 societatem
2526 2814 2690 2875 ami-

333 2916 674 2996 citiamque
714 2916 1095 2994 conciliavit,
1140 2923 1287 2978 tunc
1327 2921 1752 2997 protestantes
1795 2932 2017 2976 omnes
2061 2912 2250 2991 regiae
2291 2912 2686 2975 auctoritatis

331 3012 482 3074 facti
512 3019 659 3073 sunt
693 3020 1195 3094 propugnatores
1224 3020 1289 3075 et
1308 3013 1416 3093 jus
1454 3012 1928 3073 haereditarium
1955 3010 2290 3072 defendere
2321 3009 2689 3091 posthabito

331 3110 608 3189 eligendi
649 3112 817 3191 jure,
877 3118 939 3174 et
996 3113 1197 3174 multo
1254 3112 1457 3191 magis
1517 3131 1555 3173 a
1608 3109 1882 3173 fovenda
1939 3107 2342 3191 tyrannicidii
2397 3107 2690 3171 doctrina

332 3209 769 3270 abhorrentes

412 3308 699 3370 Henotici
728 3314 975 3384 contra,
1006 3308 1175 3389 quod
1196 3327 1347 3369 sane
1380 3306 1769 3380 mirandum,
1799 3304 2072 3366 sollicita
2100 3310 2310 3365 mente
2335 3310 2688 3365 metuentes

333 3422 412 3465 ne
442 3406 780 3481 Navarrus,
811 3405 1169 3467 reformatae
1200 3405 1346 3466 fidei
1372 3405 1603 3479 fautor,
1635 3402 1813 3481 regni
1838 3402 2022 3463 rebus
2044 3399 2460 3481 procurandis
2480 3398 2688 3479 praefi·

334 3502 539 3564 ciatur
567 3522 701 3565 sese
731 3503 798 3563 in
826 3504 1036 3566 locum
1061 3506 1545 3584 Hugonotorum
1573 3507 1942 3583 supponunt
1968 3505 2304 3579 partesque
2335 3496 2682 3579 excipiunt.

332 3602 406 3661 In
442 3602 781 3663 Henricum
820 3602 1203 3684 tertiumque
1247 3604 1737 3680 Navarrumque
1776 3598 1974 3661 libros
2012 3597 2342 3677 proferunt
2377 3595 2682 3670 infensOS,

333 3698 564 3780 quibus
603 3698 691 3759 nil
745 3719 821 3762 ex
878 3718 1011 3763 sese
1059 3699 1382 3779 conspicui
1431 3698 1752 3760 elicientes
1797 3700 2176 3774 argumenta
2224 3694 2440 3755 rursus
2481 3699 2688 3754 retru-

330 3798 493 3859 dunt
518 3798 598 3859 ab
628 3800 1011 3876 HotomanO,
1046 3802 1390 3877 Langueto‚
1415 3797 1886 3858 Buchananove
1915 3794 2165 3855 hausta.

411 3897 489 3957 Hi
513 3896 687 3957 fuere
710 3896 1107 3970 AurelianuS,
1133 3895 1576 3974 Bucherusque
1612 3900 1677 3955 et
1699 3899 1924 3954 auctor
1939 3892 2215 3953 incertus
2235 3888 2379 3951 libri
2398 3888 2494 3949 De
2506 3889 2688 3971 justa

328 3993 683 4075 reipublicae
710 3994 1062 4056 christianae
1091 3992 1487 4055 authoritate.
1524 3992 1646 4065 Qui
1675 3990 1845 4052 ultro
1876 3988 2255 4069 profitentur
2291 4006 2360 4049 se
2395 3987 2462 4047 in
2501 4004 2688 4048 suum

331 4111 517 4153 usum
546 4092 870 4154 invertisse
894 4093 1213 4155 doctrinas
1235 4110 1435 4173 nuper
1458 4092 1539 4153 ab
1563 4088 1948 4153 adversariis
1981 4088 2280 4168 prolatas.
2303 4084 2404 4147 Illi
2430 4102 2688 4166 quoque

330 4210 448 4270 pro
487 4209 604 4252 sua
641 4197 821 4271 parte
859 4198 1148 4253 auctores
1184 4190 1433 4251 Graecos
1472 4192 1919 4267 Romanosque
1965 4188 2470 4248 commemorant
2507 4188 2571 4244 et
2599 4201 2689 4244 ex

333 4288 671 4369 Scripturis
696 4287 971 4369 plurima
1000 4288 1337 4349 desumunt
1365 4287 1678 4367 exempla,
1709 4283 2159 4346 Renovationis
2188 4281 2427 4363 pariter
2455 4280 2684 4341 Refor-

332 4386 755 4467 mationisque
786 4387 1081 4447 virtutem
1112 4390 1175 4448 et
1203 4385 1571 4447 instinctum
1603 4383 2050 4465 exprimentes.
2093 4391 2106 4401 '
2675 4398 2682 4405 ·
