3131 5145
1535 468 1858 533 ...12-

513 608 678 669 rium
730 625 908 686 aeque
953 624 1027 666 ac
1074 604 1339 666 liberam
1403 604 1755 667 civitatem:
1796 605 2046 666 Nullam
2100 606 2382 685 suggerit
2438 607 2870 687 exceptionem

514 704 789 766 Paulus:
824 703 946 765 hoc
988 722 1186 764 unum
1227 709 1400 765 tenet
1435 703 1695 765 cuilibet
1733 703 2096 765 auctoritati
2129 704 2481 785 parendum
2519 710 2582 765 et
2620 723 2871 766 omnem

515 801 958 864 auctoritatem
991 819 1028 861 a
1049 801 1179 862 Deo
1206 819 1492 874 manare,
1527 802 1657 862 sive
1687 800 2060 882 probabiliS,
2094 802 2222 862 sive
2252 821 2452 882 prava
2483 802 2582 864 sit.
2620 804 2870 864 Certum

517 907 610 961 est
639 899 835 978 igitur
862 898 1049 959 medii
1079 900 1200 959 aevi
1225 898 1514 961 doctores
1543 905 1608 959 et
1632 898 1949 979 praecipue
1978 898 2291 961 Thomam
2326 899 2545 961 inscite
2582 906 2644 961 et
2681 918 2872 980 prave

517 997 724 1059 verbis
755 1003 817 1058 et
847 1014 1031 1058 sensu
1063 996 1242 1057 Pauli
1280 996 1512 1057 abusos
1539 996 1652 1075 qui
1684 995 2043 1057 addiderint
2078 1014 2333 1057 omnem
2362 997 2803 1057 auctoritatem
2836 1016 2873 1057 a

516 1097 646 1157 Deo
676 1112 934 1157 manare
966 1092 1141 1153 modo
1167 1093 1244 1153 sit
1265 1093 1468 1172 justa.

597 1196 1045 1256 Verumtamen
1078 1191 1350 1272 apostoli
1375 1191 1713 1272 perhibent
1742 1196 1893 1252 tunc
1926 1190 2229 1270 obsequio
2258 1190 2450 1251 finem
2480 1208 2612 1251 esse
2644 1209 2881 1271 ponen-

518 1292 692 1367 dum,
726 1291 776 1351 si
817 1295 1096 1371 potestas
1134 1289 1389 1370 publica
1429 1288 1649 1351 fideles
1688 1289 1766 1350 ad
1814 1288 2111 1350 violanda
2152 1289 2262 1349 Dei
2301 1289 2480 1368 jussa
2527 1288 2877 1367 astringere

517 1388 789 1450 voluerit
826 1404 840 1448 ε
871 1392 1021 1447 tunc
1049 1406 1200 1448 sane
1228 1389 1358 1448 Deo
1389 1388 1560 1467 quod
1600 1386 1869 1449 debetur
1908 1387 2319 1449 reddendum.
2354 1387 2507 1447 Inde
2538 1392 2747 1448 ortum
2782 1394 2879 1448 est

517 1486 688 1567 quod
716 1487 938 1545 Petrus
973 1492 1036 1545 et
1074 1484 1345 1564 apostoli
1383 1503 1599 1546 coram
1641 1485 1890 1546 Israelis
1928 1485 2228 1566 pontifice
2267 1503 2517 1546 summo
2557 1484 2623 1544 in
2667 1483 2878 1546 medio

517 1582 969 1691 Hierosolymae
1016 1583 1254 1661 templo
1296 1582 1394 1643 his
1442 1583 1654 1643 verbis
1702 1590 2147 1663 expresserunt
2189 1602 2204 1645 ε
2252 1607 2281 1639 «
2315 1582 2582 1643 Obedire
2626 1589 2879 1662 oportet

519 1681 648 1742 Deo
689 1680 894 1757 magis
933 1697 1122 1758 quam
1165 1679 1530 1740 hominibus
1567 1680 1611 1740 ¹.
1649 1702 1680 1735 »
1728 1680 2015 1740 Ceterum
2054 1678 2346 1759 neganda
2385 1685 2479 1740 est
2518 1678 2879 1740 obedientia

517 1764 762 1840 tantum
795 1779 859 1838 in
895 1778 1016 1838 illis
1047 1798 1188 1857 quae
1231 1779 1310 1839 ad
1352 1778 1540 1838 sidem
1582 1779 1923 1858 pertinent,
1956 1796 2284 1857 nunquam
2324 1784 2535 1839 tamen
2578 1778 2659 1838 ad
2698 1797 2880 1839 arma

517 1875 1059 1956 procurrendum.
1059 1874 1474 1935 Christianus
1517 1880 1785 1936 mortem
1828 1874 2039 1955 potius
2072 1874 2247 1936 obire
2286 1874 2474 1936 debet
2510 1893 2702 1955 quam
2748 1876 2879 1936 Deo

513 1992 626 2034 suo
657 1971 1011 2054 displicere,
1045 1972 1154 2032 sed
1181 1990 1313 2033 non
1343 1979 1413 2032 ut
1440 1972 1571 2031 vim
1602 1972 1661 2031 vi
1694 1970 2006 2052 repellat:
2042 1972 2187 2033 inde
2216 1972 2612 2052 martyrium.
2630 2002 2637 2035 ι

596 2070 732 2131 Tali
787 2077 996 2129 mente
1060 2069 1392 2130 instinctus
1449 2067 1877 2130 Tertullianus
1942 2069 2006 2129 in
2062 2068 2473 2149 Apoloqetico
2530 2056 2880 2130 submissos

518 2167 896 2229 christianos
928 2173 988 2228 et
1014 2165 1390 2228 rebellantes
1424 2166 1839 2246 philosophos
1864 2166 2109 2227 inducit
2132 2166 2300 2227 inter
2328 2187 2393 2227 se
2424 2167 2834 2228 adversantes
2862 2188 2875 2227 :

519 2290 552 2322 «
588 2266 872 2344 Plerique
913 2265 976 2325 in
1008 2265 1326 2344 principes
1360 2264 1621 2339 latrant,
1655 2265 2105 2326 sustinentibus
2143 2264 2346 2338 vobiS,
2375 2270 2437 2326 et
2474 2265 2721 2326 facilius
2750 2271 2877 2325 sta-

519 2363 641 2422 tuis
672 2369 735 2424 et
759 2363 1004 2424 salariis
1040 2368 1548 2435 remunerantur,
1583 2382 1776 2442 quam
1815 2363 1893 2423 ad
1936 2362 2169 2423 bestias
2204 2362 2719 2442 pronuntiantur.
2758 2363 2882 2424 Sed

518 2460 775 2533 merito;
827 2459 1188 2540 philosophi
1239 2459 1430 2535 enim,
1459 2479 1587 2521 non
1637 2459 1963 2521 christiani
2012 2460 2620 2538 cognominantur...
2667 2482 2699 2516 υ
2738 2462 2879 2521 Non

515 2557 687 2640 apud
733 2557 1132 2632 christianOS,
1166 2558 1276 2619 sed
1309 2557 1481 2638 apud
1516 2560 1834 2620 Romanos
1874 2557 2230 2638 principum
2267 2558 2479 2620 hostes
2517 2557 2876 2638 deprehen-

519 2657 776 2717 duntur.
829 2681 858 2712 «
909 2656 1086 2718 Unde
1137 2656 1354 2735 Cassii,
1405 2663 1467 2716 ct
1514 2656 1709 2735 Nigri,
1755 2663 1817 2718 et
1856 2656 2107 2718 Albini?
2136 2657 2302 2717 unde
2349 2657 2460 2737 qui
2506 2656 2672 2717 inter
2717 2655 2878 2717 duas

520 2753 731 2814 lauros
763 2752 1050 2813 obsident
1075 2754 1427 2828 Caesarem?
1458 2753 1623 2814 unde
1660 2753 1768 2832 qui
1814 2753 2105 2814 faucibus
2134 2753 2268 2832 ejus
2300 2752 2731 2833 exprimendis
2760 2771 2877 2833 pa-

519 2849 854 2912 laestricam
895 2853 1224 2912 exercent?
1251 2850 1420 2912 unde
1453 2851 1560 2930 qui
1595 2851 1823 2912 armati
1848 2850 2158 2930 palatium
2190 2851 2549 2931 irrumpunt
2580 2850 2878 2912 omnibus

524 2948 775 3028 Sigeriis
818 2954 1008 3028 atque
1057 2947 1412 3008 Partheniis
1459 2948 1869 3010 audaciores?
1902 2949 1978 3009 de
2029 2949 2326 3010 Romanis
2371 2948 2513 3028 (nisi
2551 2947 2765 3028 fallor)
2812 2948 2875 3007 id

515 3052 635 3119 est,
668 3045 746 3106 de
775 3064 903 3106 non
935 3044 1291 3106 christianis
1320 3046 1364 3105 ².
1399 3067 1433 3101 »

603 3142 723 3204 Sed
751 3161 880 3203 non
907 3142 1012 3202 diu
1041 3142 1160 3202 illis
1189 3161 1253 3203 se
1279 3141 1510 3204 finibus
1536 3144 1849 3205 continuit
1875 3141 2155 3204 Ecclesia
2177 3141 2543 3219 christiana,
2576 3148 2640 3203 et
2669 3141 2876 3203 excel-

514 3238 647 3300 sius
677 3239 997 3318 quoddam
1040 3258 1268 3299 munus
1311 3241 1700 3321 expoposcit.
1734 3243 1938 3313 Quum
1969 3240 2082 3301 Dei
2108 3241 2248 3301 loeo
2281 3258 2544 3319 regnum
2578 3239 2877 3319 opinione

516 3356 634 3398 sua
661 3343 1000 3412 exerceret,
1023 3355 1154 3398 non
1184 3337 1419 3398 diutius
1449 3338 1745 3398 sustinuit
1774 3357 1839 3399 se
1872 3338 2152 3399 humano
2186 3357 2379 3416 regno
2408 3336 2613 3414 subigi
2640 3356 2653 3398 :
2680 3355 2877 3417 quum

587 3575 629 3621 1.
659 3573 820 3622 Actus
847 3574 1213 3635 apostolorum,
1247 3579 1410 3638 caput
1439 3590 1489 3640 v,
1521 3576 1600 3624 29.

535 3641 569 3689 1
573 3637 628 3692 2.
663 3647 688 3703 g
721 3645 776 3691 46
803 3648 855 3694 et
880 3645 956 3692 35.
984 3673 1044 3681 -
1075 3645 1149 3693 De
1183 3645 1545 3708 tyrannicidio
1574 3647 1703 3708 quid
1730 3648 1999 3698 senserint
2033 3649 2242 3699 Hebraei
2274 3653 2326 3699 et
2354 3648 2653 3709 christiani,
2686 3662 2879 3700 secun-

520 3715 654 3763 dum
683 3714 849 3764 Vetus
885 3716 995 3764 Nov
1003 3728 1201 3778 umque
1228 3717 1653 3777 Testamentum,
1681 3717 1895 3780 scripsit
1933 3719 2226 3770 Salmasius
2257 3720 2311 3768 in
2342 3720 2601 3782 opusculo
2636 3721 2740 3770 sub
2776 3721 2879 3769 hoc

523 3785 684 3834 titulo
724 3786 778 3834 in
816 3786 1011 3846 vulgus
1048 3787 1237 3836 edito:
1277 3787 1515 3848 Defensio
1553 3791 1702 3851 reqia
1736 3804 1836 3853 pro
1872 3790 2061 3839 Carolo
2090 3791 2119 3839 I
2144 3790 2481 3854 (Sumptibus
2516 3792 2698 3852 regiiS,
2736 3792 2879 3848 1649,

525 3870 567 3905 S.
594 3856 647 3917 l.‚
681 3855 899 3920 in-l'ol.).
926 3857 1246 3908 Eruditione
1277 3860 1784 3920 praestantissimuS,
1817 3865 2004 3911 nostra
2036 3863 2323 3922 sententia,
2347 3862 2661 3921 SalmasiuS,
2696 3867 2877 3911 tamen

521 3941 589 3976 ex
630 3927 890 3976 memoria
921 3927 1096 3977 solum
1127 3941 1351 3977 narrans
1384 3934 1439 3978 et
1477 3931 1743 3991 scribens,
1771 3946 1939 3994 quum
1980 3933 2329 3995 antiquorum
2364 3932 2663 3982 sententias
2696 3934 2876 3992 refert,

524 4002 579 4046 et
627 3997 980 4048 ratiocinatur
1019 4012 1081 4048 ac
1122 3998 1188 4049 de
1230 4013 1288 4048 re
1337 3999 1581 4062 disputat
1622 4002 1938 4064 restrictior,
1966 4023 1991 4048 «
2028 4005 2283 4066 profusus
2325 4004 2636 4063 verborum,
2677 4016 2879 4052 vacuus

525 4082 706 4118 rerum
741 4088 786 4130 »,
813 4070 1091 4119 meliorem
1121 4069 1356 4134 denique
1380 4084 1600 4122 causam
1635 4073 1770 4121 tueri
1798 4079 2025 4124 conatus
2052 4073 2301 4137 pessimis
2328 4075 2685 4138 argumentis,
2716 4075 2879 4124 nobis

520 4152 644 4188 esse
673 4138 905 4188 videtur.
927 4141 1092 4190 Paulo
1119 4146 1264 4204 post,
1289 4141 1341 4190 in
1374 4143 1669 4202 Britannia,
1690 4143 1927 4194 Joannes
1954 4145 2210 4195 Miltonus
2237 4145 2460 4206 Anglus,
2492 4145 2879 4194 Britannorum

523 4213 804 4289 poetarum
837 4211 1109 4273 princeps,
1136 4212 1238 4260 Pro
1263 4212 1462 4276 populo
1482 4213 1777 4278 Anqlicano
1808 4215 2165 4278 Defensionem
2196 4216 2535 4278 pervulgavit
2554 4220 2744 4265 contra
2765 4215 2878 4266 Sal-

526 4279 684 4328 masii
723 4280 1086 4342 Defensionem
1125 4282 1324 4346 reqiam
1351 4285 1621 4347 (Londini,
1658 4286 1800 4350 typis
1838 4286 1918 4336 Du
1961 4287 2261 4348 GardianiS,
2294 4287 2432 4348 1651,
2466 4288 2545 4335 in·
2549 4288 2645 4347 16).
2677 4287 2757 4336 Ex
2789 4285 2880 4336 illo

525 4351 842 4411 certamine,
883 4355 942 4400 ut
983 4353 1075 4414 qui
1117 4353 1446 4404 firmissimis
1484 4357 1841 4418 argumentis,
1873 4356 2221 4408 ornatissimo
2260 4358 2601 4421 pugnacique
2635 4361 2689 4406 et
2724 4358 2878 4420 quasi

521 4420 806 4471 bellatorio
842 4423 982 4486 st>lo
1025 4438 1154 4473 usus
1194 4423 1376 4488 fuerit,
1403 4426 1665 4477 victorem
1692 4428 1930 4478 evasisse
1956 4428 2241 4479 Miltonum
2270 4429 2541 4493 plerisque
2570 4429 2753 4479 xisum
2778 4435 2877 4480 est.
