3131 5145
1314 394 1513 457 -53
1558 430 1639 440 --

312 518 721 598 (Secundum
772 527 1151 607 ScripturaS,
1194 531 1549 607 Languetus
1591 548 1812 609 regum
1854 529 2308 593 institutionem
2355 538 2646 594 mutuum

282 642 415 691 esse
446 633 844 689 contractum
875 624 1215 699 existimat,
1249 626 1415 687 ultro
1434 626 1630 707 'quasi
1659 627 1943 709 citroque
1981 628 2132 689 data
2160 630 2306 691 fide.
2343 616 2646 711 [Duplex

280 728 487 789 soedus
524 726 589 787 in
634 724 1385 803 reguminauguratione
1423 725 1694 804 legimus
1731 747 1744 785 :
1792 726 2092 805 primum,
2130 722 2294 789 inter
2331 731 2526 790 Deum
2582 736 2645 791 et

278 845 495 906 regem
526 832 590 886 et
620 824 949 905 populum,
985 830 1053 883 ut
1080 831 1243 884 esset
1277 822 1572 903 populus,
1606 823 1718 884 Dei
1747 824 2039 903 populus,
2079 827 2436 888 Secundum
2467 847 2638 901 vero,
2735 875 2740 881 .

277 926 443 986 inter
482 941 699 1001 regem
748 930 809 983 et
857 922 1189 1001 populum,
1244 928 1313 981 ut
1360 920 1521 982 bene
1571 921 1907 1001 imperanti
1966 923 2124 984 bene
2177 924 2642 1004 obtemperare-

276 1028 399 1081 tur.
445 1045 477 1076 »
506 1018 767 1097 ¹Allegat
806 1038 845 1078 a
886 1018 1225 1099 Scripturis
1272 1025 1641 1097 excerptum
1687 1018 1922 1093 locum,
1955 1038 2081 1098 quo
2127 1021 2378 1083 Samuel
2424 1042 2635 1100 regem

276 1104 561 1180 Hebr'a'eis
591 1116 855 1197 praeficit
878 1134 955 1177 ea
984 1115 1121 1194 lege
1148 1122 1216 1176 ut
1244 1117 1375 1177 Deo
1402 1122 1645 1194 pareat,
1680 1114 1965 1195 alioquin
1991 1118 2308 1197 periturus
2333 1141 2345 1177 :
2377 1120 2638 1181 Obedite

272 1224 336 1277 et
374 1214 605 1277 servite
641 1216 773 1276 Deo
804 1219 933 1274 tam
969 1233 1105 1291 VOS,
1139 1232 1333 1293 quam
1374 1232 1481 1274 rex
1528 1219 1736 1275 vester
1761 1213 1872 1291 qui
1901 1223 1995 1276 est
2023 1234 2211 1295 super
2244 1234 2427 1278 vos...
2462 1215 2638 1278 Alio·-

275 1314 428 1395 quin
468 1320 535 1375 et
571 1330 682 1373 vos
716 1319 779 1371 et
818 1331 929 1373 rex
970 1318 1173 1373 vester
1211 1310 1516 1391 peribitis,
1550 1346 1632 1355 —
1659 1312 1839 1384 Quod
1879 1312 1930 1373 si
1973 1332 2150 1392 reges
2189 1314 2392 1375 foedus
2420 1316 2639 1376 confu-

274 1412 505 1489 derint,
539 1412 704 1470 Deus
734 1410 903 1489 pacti
931 1409 1324 1471 conditiones
1354 1411 1482 1487 Jam
1519 1428 1659 1469 non·
1679 1410 2044 1489 exsequitur
2073 1428 2089 1472 :
2129 1434 2156 1466 «
2191 1413 2279 1473 Ac
2316 1413 2369 1473 si
2407 1412 2644 1475 diceret

276 1512 440 1569 Deus
500 1527 516 1569 ε
558 1514 813 1587 pactum
870 1506 1212 1585 violarunt,
1243 1505 1682 1568 'conditionem
1747 1524 1876 1568 non
1935 1507 2390 1587 impleverunt3
2437 1528 2639 1589 neque

276 1625 396 1685 ego
439 1606 654 1685 itaque
696 1604 969 1686 amplius
1014 1610 1249 1666 teneor.
1289 1605 1676 1683 Majestatem
1723 1623 1927 1665 meam
1973 1604 2344 1667 imminuere
2393 1606 2638 1683 volunt3

276 1724 395 1783 ego
430 1722 697 1783 regnum
729 1702 1011 1782 ipsorum
1042 1721 1185 1764 verc
1215 1702 1615 1763 imminuam.
1660 1726 1688 1757 »

357 1801 661 1875 Quamvis
686 1800 1096 1879 Evangelium
1124 1801 1189 1861 in
1215 1799 1424 1862 locum
1455 1800 1610 1879 legis
1639 1800 1866 1861 Moseae
1899 1800 2222 1861 subditum
2251 1802 2334 1863 sit
2371 1810 2434 1863 et
2459 1822 2638 1881 reges

275 1899 606 1961 christiani
643 1900 709 1959 in
750 1898 959 1959 locum
1001 1916 1221 1977 regum
1254 1897 1740 1969 Hebraicorum,
1773 1896 2186 1959 nibilominus
2224 1900 2393 1977 viget
2431 1900 2637 1961 foedus

276 1998 503 2059 iisdem
533 1996 737 2077 poenis
762 1997 1099 2058 sancitum.

353 2094 592 2175 Pagani
640 2113 818 2173 reges
862 2094 980 2173 ipsi
1016 2092 1116 2155 vel
1164 2092 1345 2153 inscii
1392 2112 1529 2153 sese
1581 2098 1760 2155 tanta
1805 2093 2231 2155 assentatione
2280 2094 2637 2157 obstrinxe-

276 2198 423 2253 runt
454 2210 470 2253 :
506 2215 541 2248 α
571 2192 731 2264 Quid
765 2210 909 2251 vero
946 2191 1021 2251 de
1062 2191 1315 2270 regibus
1352 2190 1618 2251 ethnicis
1651 2193 2038 2253 statuemus?
2067 2192 2297 2253 Procul
2338 2192 2531 2253 dubio
2573 2200 2635 2253 et

233 2322 238 2328 ·
273 2290 325 2350 si
351 2290 395 2349 ii
433 2290 823 2351 extrinsecus
862 2308 991 2351 non
1036 2294 1361 2367 unguntur
1402 2307 1441 2349 a
1489 2290 1643 2362 De0,
1675 2296 1824 2349 sunt
1865 2296 2075 2353 tamen
2112 2289 2250 2369 ejus
2291 2290 2535 2363 vasalli,
2571 2298 2634 2351 et

274 2390 354 2449 ab
394 2407 470 2450 eo
512 2406 639 2448 uno
686 2386 1037 2466 potentiam
1073 2405 1253 2447 suam
1290 2391 1671 2465 acceperunt
1711 2405 1820 2448 seu
1857 2394 2046 2459 sorte,
2089 2406 2198 2448 seu
2241 2387 2368 2448 alia
2412 2390 2635 2468 quavis

272 2488 484 2548 forma
512 2485 854 2563 eligantur.
883 2484 949 2545 Si
974 2484 1299 2561 suffragio,
1328 2486 1491 2555 Deus
1522 2484 1682 2563 regit
1713 2484 1908 2546 corda
1946 2484 2273 2547 hominum
2318 2493 2380 2547 et
2403 2487 2635 2564 ‘dirigit

275 2603 403 2665 quo
444 2585 577 2664 ipse
614 2583 771 2646 vult.
816 2583 875 2646 Si
916 2583 1014 2643 vel
1048 2589 1238 2658 sorte,
1280 2602 1415 2644 sors
1449 2583 1785 2661 conjicitur
1821 2583 1886 2644 in
1927 2583 2156 2658 sinum,
2205 2585 2409 2664 inquit
2451 2585 2633 2672 Salp-

278 2698 450 2755 mon,
483 2681 879 2762 etjudicium
910 2681 1045 2759 ejus
1082 2699 1121 2741 a
1159 2682 1505 2742 Domino...
1540 2681 1671 2741 Etsi
1712 2683 1874 2741 Deus
1909 2681 2109 2761 legem
2158 2701 2338 2742 suam
2375 2701 2500 2742 non
2541 2668 2632 2742 ila

275 2781 506 2841 diserte
534 2779 633 2840 his
662 2785 851 2860 atque
882 2779 1004 2840 illis
1033 2779 1520 2853 commendarit,
1554 2787 1648 2839 est
1682 2784 1897 2841 tamen
1928 2780 2101 2860 quod
2138 2787 2506 2858 agnoscant,
2541 2801 2628 2852 se,

276 2876 448 2958 quod
491 2884 783 2956 regnant,
825 2878 955 2938 Deo
1004 2896 1301 2956 supremo
1353 2876 1483 2954 regi
1533 2876 1782 2938 debere.
1834 2880 2052 2956 Itaque
2103 2878 2152 2937 si
2199 2877 2499 2938 tribulum
2553 2898 2630 2941 eo

276 2976 533 3036 nomine
571 2976 701 3035 Deo
740 2976 1096 3054 persolvere
1138 2975 1347 3035 minus
1377 2981 1622 3052 curent,
1654 2974 1876 3036 saltem
1909 2975 2078 3055 quod
2119 2977 2246 3038 Deo
2287 2997 2324 3036 a
2368 2971 2632 3040 subditis

275 3073 562 3144 debetur,
597 3071 970 3152 intercipere
996 3079 1062 3133 et
1090 3078 1369 3132 avertere
1400 3089 1477 3131 ne
1508 3077 1772 3146 tentent,
1803 3080 1914 3133 aut
1942 3072 2074 3133 ulla
2107 3072 2234 3133 alia
2264 3074 2326 3132 in
2365 3091 2431 3134 re
2471 3073 2631 3133 divi-

276 3189 425 3232 nam
469 3170 588 3231 sibi
617 3169 1115 3249 jurisdictionem
1160 3177 1479 3248 arrogent.
1528 3169 1597 3230 ld
1653 3189 1800 3231 vero
1848 3170 2101 3251 proprie
2144 3171 2419 3232 affectati
2458 3171 2634 3250 regni

274 3268 513 3330 crimen
542 3276 657 3341 est,
694 3270 865 3348 quod
895 3272 1059 3330 Deus
1091 3269 1259 3349 ipsos
1301 3287 1479 3346 reges
1518 3269 1805 3329 ethnicos
1846 3270 2212 3347 gravissime
2254 3271 2419 3330 ultus
2447 3277 2560 3331 est.
2599 3293 2630 3326 »

351 3366 506 3427 Inde
540 3367 875 3426 confirmat
900 3366 1248 3445 principem
1282 3365 1607 3426 subditum
1639 3385 1771 3427 esse
1802 3366 1952 3438 Deo,
1989 3374 2051 3426 et
2080 3366 2263 3429 facile
2297 3367 2387 3427 ita
2416 3367 2636 3427 definit

274 3470 337 3524 et
386 3470 642 3543 perorat
700 3465 965 3544 primam
1013 3463 1158 3524 libri
1204 3463 1630 3544 quaestionem
1678 3482 1694 3526 ε
1746 3487 1774 3519 «
1828 3465 1984 3524 Cum
2038 3464 2250 3544 itaque
2307 3463 2632 3524 videamus

275 3560 497 3622 eodem
536 3561 666 3622 fere
707 3561 897 3623 modo
936 3581 1114 3639 reges
1155 3581 1193 3621 a
1232 3565 1361 3623 Deo
1398 3579 1596 3640 regno
1637 3561 1939 3640 investiri,
1977 3579 2102 3640 quo
2143 3561 2416 3622 vasallos
2454 3580 2492 3621 a
2517 3562 2632 3623 do·-

279 3659 449 3721 mino
482 3654 826 3739 superiore,
853 3659 1064 3734 feudo,
1098 3659 1317 3721 iisdem
1352 3658 1428 3720 de
1460 3659 1667 3720 causis
1690 3678 1763 3721 eo
1785 3659 2091 3720 beneficio
2125 3660 2384 3739 privari,
2409 3660 2630 3720 eodem

280 3757 475 3816 ferme
522 3756 687 3830 loc0,
735 3756 874 3828 hos»,
922 3774 1046 3834 quo
1097 3756 1241 3817 illos
1288 3775 1444 3829 esse,
1498 3775 1676 3835 reges
1723 3776 1943 3818 omnes
1990 3757 2100 3817 Dei
2151 3757 2422 3818 vasallos
2473 3776 2629 3835 esse,

275 3853 539 3916 omnino
586 3855 989 3914 statuendum
1037 3863 1149 3916 est.
1202 3857 1334 3915 Hoc
1386 3875 1534 3916 vero
1591 3857 1824 3936 posito,
1876 3855 2141 3935 quaestio
2189 3863 2408 3916 nostra
2450 3855 2631 3916 facile

278 3951 550 4012 finietur.
588 3951 651 4013 Si
686 3952 856 4012 enim
898 3955 1063 4013 Deus
1091 3958 1185 4012 est
1212 3952 1455 4013 domini
1492 3953 1838 4033 superioris
1873 3953 2035 4026 loco,
2071 3972 2180 4013 rex
2217 3952 2458 4028 vasalli,
2494 3954 2634 4032 quis

274 4067 399 4110 non
430 4049 691 4110 domino
725 4050 931 4128 potius
956 4069 1149 4130 quam
1180 4048 1423 4111 vasallo
1454 4050 1879 4112 obediendum
1924 4050 2334 4128 pronunciet?
2367 4051 2430 4112 Si
2469 4053 2634 4110 Deus

274 4145 391 4208 hoc
446 4146 759 4226 praecipit,
810 4165 918 4208 rex
970 4154 1215 4219 contra,
1269 4147 1413 4227 quis
1468 4147 1600 4225 regi
1652 4147 1956 4208 adversus
2009 4151 2204 4210 Deum
2263 4146 2629 4226 obsequium

274 4243 719 4322 denegantem,
755 4243 1053 4306 rebellem
1077 4245 1362 4325 judicet?
1393 4246 1529 4306 Imo
1560 4263 1708 4307 vero
1743 4247 1884 4325 quis
1906 4265 2034 4308 non
2063 4245 2421 4328 rebellionis
2451 4245 2634 4305 dam-

276 4349 404 4420 net,
437 4341 488 4402 si
518 4348 628 4404 aut
660 4342 786 4402 Deo
814 4342 1062 4420 segnius
1092 4348 1336 4422 pareat,
1366 4346 1474 4402 aut
1505 4342 1637 4421 regi
1665 4361 1739 4403 ea
1765 4343 1830 4402 in
1859 4361 1924 4404 re
1968 4329 2213 4422 pareat.
2247 4343 2553 4420 Denique,
2583 4341 2635 4400 si
