<?xml version="1.0" encoding="UTF-8"?>
<!DOCTYPE html PUBLIC "-//W3C//DTD XHTML 1.0 Transitional//EN"
    "http://www.w3.org/TR/xhtml1/DTD/xhtml1-transitional.dtd">
<html xmlns="http://www.w3.org/1999/xhtml" xml:lang="en" lang="en">
 <head>
  <title>
</title>
<meta http-equiv="Content-Type" content="text/html;charset=utf-8" />
  <meta name='ocr-system' content='tesseract 3.04.00' />
  <meta name='ocr-capabilities' content='ocr_page ocr_carea ocr_par ocr_line ocrx_word'/>
</head>
<body>
  <div class='ocr_page' id='page_1' title='image "./detyrannicidica00douagoog_0103.png"; bbox 0 0 3131 5145; ppageno 0'>
   <div class='ocr_carea' id='block_1_1' title="bbox 1328 478 1647 544">
    <p class='ocr_par' dir='ltr' id='par_1_1' title="bbox 1328 478 1647 544">
     <span class='ocr_line' id='line_1_1' title="bbox 1328 478 1647 544; baseline 0.003 -18"><span class='ocrx_word' id='word_1_1' title='bbox 1328 478 1647 544; x_wconf 66' lang='lat'><strong>...85-</strong></span> 
     </span>
    </p>
   </div>
   <div class='ocr_carea' id='block_1_2' title="bbox 309 612 2736 2844">
    <p class='ocr_par' dir='ltr' id='par_1_2' title="bbox 309 612 2665 1085">
     <span class='ocr_line' id='line_1_2' title="bbox 309 612 2660 700; baseline 0.003 -25"><span class='ocrx_word' id='word_1_2' title='bbox 309 614 451 695; x_wconf 84' lang='lat' dir='ltr'><strong>jure</strong></span> <span class='ocrx_word' id='word_1_3' title='bbox 492 632 629 675; x_wconf 91' lang='lat' dir='ltr'><strong>esse</strong></span> <span class='ocrx_word' id='word_1_4' title='bbox 666 632 866 691; x_wconf 84' lang='lat' dir='ltr'><strong>reges,</strong></span> <span class='ocrx_word' id='word_1_5' title='bbox 906 613 1016 692; x_wconf 92' lang='lat' dir='ltr'><strong>qui</strong></span> <span class='ocrx_word' id='word_1_6' title='bbox 1052 632 1235 675; x_wconf 86' lang='lat' dir='ltr'><strong>suum</strong></span> <span class='ocrx_word' id='word_1_7' title='bbox 1280 614 1401 675; x_wconf 87' lang='lat' dir='ltr'><strong>hoc</strong></span> <span class='ocrx_word' id='word_1_8' title='bbox 1447 632 1582 675; x_wconf 88' lang='lat' dir='ltr'><strong>esse</strong></span> <span class='ocrx_word' id='word_1_9' title='bbox 1620 612 1899 676; x_wconf 77' lang='lat' dir='ltr'><strong>officium</strong></span> <span class='ocrx_word' id='word_1_10' title='bbox 1945 623 2292 693; x_wconf 76' lang='lat' dir='ltr'>agnoscant</span> <span class='ocrx_word' id='word_1_11' title='bbox 2330 622 2400 678; x_wconf 87' lang='lat' dir='ltr'><strong>ut</strong></span> <span class='ocrx_word' id='word_1_12' title='bbox 2444 641 2476 674; x_wconf 71' lang='lat' dir='ltr'><strong>&lt;c</strong></span> <span class='ocrx_word' id='word_1_13' title='bbox 2517 636 2660 700; x_wconf 85' lang='lat' dir='ltr'><strong>quae</strong></span> 
     </span>
     <span class='ocr_line' id='line_1_3' title="bbox 309 708 2663 792; baseline 0.002 -20"><span class='ocrx_word' id='word_1_14' title='bbox 309 710 590 792; x_wconf 82' lang='lat' dir='ltr'><strong>episcopi</strong></span> <span class='ocrx_word' id='word_1_15' title='bbox 634 710 701 770; x_wconf 91' lang='lat' dir='ltr'><strong>in</strong></span> <span class='ocrx_word' id='word_1_16' title='bbox 748 708 1031 771; x_wconf 88' lang='lat' dir='ltr'><strong>conciliis</strong></span> <span class='ocrx_word' id='word_1_17' title='bbox 1074 708 1201 771; x_wconf 84' lang='lat' dir='ltr'><strong>suis</strong></span> <span class='ocrx_word' id='word_1_18' title='bbox 1247 711 1660 790; x_wconf 80' lang='lat' dir='ltr'><strong>decreverint,</strong></span> <span class='ocrx_word' id='word_1_19' title='bbox 1710 729 1784 771; x_wconf 88' lang='lat' dir='ltr'><strong>ea</strong></span> <span class='ocrx_word' id='word_1_20' title='bbox 1829 729 2007 788; x_wconf 87' lang='lat' dir='ltr'><strong>reges</strong></span> <span class='ocrx_word' id='word_1_21' title='bbox 2055 710 2280 790; x_wconf 80' lang='lat' dir='ltr'>gladiis</span> <span class='ocrx_word' id='word_1_22' title='bbox 2319 720 2382 773; x_wconf 88' lang='lat' dir='ltr'><strong>et</strong></span> <span class='ocrx_word' id='word_1_23' title='bbox 2419 713 2663 792; x_wconf 84' lang='lat' dir='ltr'><strong>legibus</strong></span> 
     </span>
     <span class='ocr_line' id='line_1_4' title="bbox 309 798 2665 888; baseline 0.002 -18"><span class='ocrx_word' id='word_1_24' title='bbox 309 810 437 871; x_wconf 88' lang='lat' dir='ltr'><strong>suis</strong></span> <span class='ocrx_word' id='word_1_25' title='bbox 466 808 817 885; x_wconf 82' lang='lat' dir='ltr'><strong>stabiliant,</strong></span> <span class='ocrx_word' id='word_1_26' title='bbox 847 825 1223 888; x_wconf 90' lang='lat' dir='ltr'><strong>semperque</strong></span> <span class='ocrx_word' id='word_1_27' title='bbox 1250 808 1417 885; x_wconf 85' lang='lat' dir='ltr'><strong>leges</strong></span> <span class='ocrx_word' id='word_1_28' title='bbox 1456 826 1604 869; x_wconf 89' lang='lat' dir='ltr'><strong>suas</strong></span> <span class='ocrx_word' id='word_1_29' title='bbox 1637 807 1719 871; x_wconf 90' lang='lat' dir='ltr'><strong>ad</strong></span> <span class='ocrx_word' id='word_1_30' title='bbox 1748 808 2191 888; x_wconf 89' lang='lat' dir='ltr'><strong>episcoporum</strong></span> <span class='ocrx_word' id='word_1_31' title='bbox 2230 798 2508 873; x_wconf 85' lang='lat' dir='ltr'><strong>canones</strong></span> <span class='ocrx_word' id='word_1_32' title='bbox 2543 813 2665 875; x_wconf 78' lang='lat' dir='ltr'><strong>for-</strong></span> 
     </span>
     <span class='ocr_line' id='line_1_5' title="bbox 315 906 2661 987; baseline 0.001 -18"><span class='ocrx_word' id='word_1_33' title='bbox 315 913 491 969; x_wconf 89' lang='lat' dir='ltr'><strong>ment</strong></span> <span class='ocrx_word' id='word_1_34' title='bbox 524 932 581 969; x_wconf 93' lang='lat'><strong>».</strong></span> <span class='ocrx_word' id='word_1_35' title='bbox 604 906 685 967; x_wconf 83' lang='lat' dir='ltr'><strong>At</strong></span> <span class='ocrx_word' id='word_1_36' title='bbox 713 911 936 967; x_wconf 85' lang='lat' dir='ltr'><strong>contra</strong></span> <span class='ocrx_word' id='word_1_37' title='bbox 960 906 1070 985; x_wconf 91' lang='lat' dir='ltr'><strong>qui</strong></span> <span class='ocrx_word' id='word_1_38' title='bbox 1094 906 1230 967; x_wconf 82' lang='lat' dir='ltr'><strong>haec</strong></span> <span class='ocrx_word' id='word_1_39' title='bbox 1258 913 1576 985; x_wconf 69' lang='lat' dir='ltr'><strong>praecepta</strong></span> <span class='ocrx_word' id='word_1_40' title='bbox 1603 906 2021 980; x_wconf 87' lang='lat' dir='ltr'><strong>violaverunt,</strong></span> <span class='ocrx_word' id='word_1_41' title='bbox 2041 906 2148 987; x_wconf 89' lang='lat' dir='ltr'><strong>qui</strong></span> <span class='ocrx_word' id='word_1_42' title='bbox 2175 906 2342 969; x_wconf 90' lang='lat' dir='ltr'><strong>hunc</strong></span> <span class='ocrx_word' id='word_1_43' title='bbox 2372 908 2661 973; x_wconf 85' lang='lat' dir='ltr'><strong>ordinem</strong></span> 
     </span>
     <span class='ocr_line' id='line_1_6' title="bbox 313 1004 1747 1085; baseline -0.001 -19"><span class='ocrx_word' id='word_1_44' title='bbox 313 1010 775 1085; x_wconf 86' lang='lat' dir='ltr'><strong>perverterunt,</strong></span> <span class='ocrx_word' id='word_1_45' title='bbox 810 1010 1143 1065; x_wconf 84' lang='lat' dir='ltr'><strong>evaserunt</strong></span> <span class='ocrx_word' id='word_1_46' title='bbox 1168 1004 1437 1067; x_wconf 82' lang='lat' dir='ltr'><strong>infames</strong></span> <span class='ocrx_word' id='word_1_47' title='bbox 1466 1006 1747 1085; x_wconf 85' lang='lat' dir='ltr'><strong>tyranni.</strong></span> 
     </span>
    </p>

    <p class='ocr_par' dir='ltr' id='par_1_3' title="bbox 310 1101 2736 2451">
     <span class='ocr_line' id='line_1_7' title="bbox 332 1101 2664 1183; baseline 0.002 -21"><span class='ocrx_word' id='word_1_48' title='bbox 332 1112 357 1136; x_wconf 83' lang='lat'><strong>.·</strong></span> <span class='ocrx_word' id='word_1_49' title='bbox 388 1102 481 1163; x_wconf 83' lang='lat' dir='ltr'><strong>Ex</strong></span> <span class='ocrx_word' id='word_1_50' title='bbox 514 1103 612 1163; x_wconf 92' lang='lat' dir='ltr'><strong>his</strong></span> <span class='ocrx_word' id='word_1_51' title='bbox 652 1108 714 1163; x_wconf 86' lang='lat' dir='ltr'><strong>et</strong></span> <span class='ocrx_word' id='word_1_52' title='bbox 752 1120 785 1163; x_wconf 90' lang='lat' dir='ltr'><strong>e</strong></span> <span class='ocrx_word' id='word_1_53' title='bbox 826 1101 1091 1181; x_wconf 88' lang='lat' dir='ltr'><strong>prolatis</strong></span> <span class='ocrx_word' id='word_1_54' title='bbox 1128 1101 1434 1181; x_wconf 85' lang='lat' dir='ltr'><strong>exemplis</strong></span> <span class='ocrx_word' id='word_1_55' title='bbox 1474 1101 1730 1163; x_wconf 79' lang='lat' dir='ltr'><strong>deducit</strong></span> <span class='ocrx_word' id='word_1_56' title='bbox 1769 1108 1994 1163; x_wconf 84' lang='lat' dir='ltr'><strong>auctor</strong></span> <span class='ocrx_word' id='word_1_57' title='bbox 2025 1102 2177 1183; x_wconf 90' lang='lat' dir='ltr'><strong>quid</strong></span> <span class='ocrx_word' id='word_1_58' title='bbox 2213 1102 2461 1165; x_wconf 88' lang='lat' dir='ltr'><strong>intersit</strong></span> <span class='ocrx_word' id='word_1_59' title='bbox 2497 1106 2664 1167; x_wconf 84' lang='lat' dir='ltr'><strong>inter</strong></span> 
     </span>
     <span class='ocr_line' id='line_1_8' title="bbox 312 1198 2658 1282; baseline 0.001 -20"><span class='ocrx_word' id='word_1_60' title='bbox 312 1219 523 1279; x_wconf 82' lang='lat' dir='ltr'><strong>regem</strong></span> <span class='ocrx_word' id='word_1_61' title='bbox 576 1205 638 1260; x_wconf 88' lang='lat' dir='ltr'><strong>et</strong></span> <span class='ocrx_word' id='word_1_62' title='bbox 680 1206 1046 1277; x_wconf 87' lang='lat' dir='ltr'><strong>tyrannum.</strong></span> <span class='ocrx_word' id='word_1_63' title='bbox 1092 1222 1123 1255; x_wconf 89' lang='lat'>«</span> <span class='ocrx_word' id='word_1_64' title='bbox 1166 1200 1316 1272; x_wconf 78' lang='lat' dir='ltr'><strong>Quae</strong></span> <span class='ocrx_word' id='word_1_65' title='bbox 1368 1219 1563 1278; x_wconf 88' lang='lat' dir='ltr'><strong>quum</strong></span> <span class='ocrx_word' id='word_1_66' title='bbox 1613 1200 1704 1260; x_wconf 90' lang='lat' dir='ltr'><strong>ita</strong></span> <span class='ocrx_word' id='word_1_67' title='bbox 1753 1198 1898 1274; x_wconf 90' lang='lat' dir='ltr'><strong>sint,</strong></span> <span class='ocrx_word' id='word_1_68' title='bbox 1940 1200 2168 1280; x_wconf 89' lang='lat' dir='ltr'><strong>inquit,</strong></span> <span class='ocrx_word' id='word_1_69' title='bbox 2218 1218 2349 1261; x_wconf 90' lang='lat' dir='ltr'><strong>non</strong></span> <span class='ocrx_word' id='word_1_70' title='bbox 2395 1208 2489 1263; x_wconf 90' lang='lat' dir='ltr'><strong>est</strong></span> <span class='ocrx_word' id='word_1_71' title='bbox 2524 1202 2658 1282; x_wconf 86' lang='lat' dir='ltr'><strong>jam</strong></span> 
     </span>
     <span class='ocr_line' id='line_1_9' title="bbox 312 1296 2664 1378; baseline 0.002 -19"><span class='ocrx_word' id='word_1_72' title='bbox 312 1298 580 1359; x_wconf 89' lang='lat' dir='ltr'><strong>arduum</strong></span> <span class='ocrx_word' id='word_1_73' title='bbox 613 1298 821 1378; x_wconf 85' lang='lat' dir='ltr'><strong>posita</strong></span> <span class='ocrx_word' id='word_1_74' title='bbox 852 1297 971 1358; x_wconf 87' lang='lat' dir='ltr'><strong>hac</strong></span> <span class='ocrx_word' id='word_1_75' title='bbox 1003 1315 1221 1375; x_wconf 88' lang='lat' dir='ltr'><strong>regum</strong></span> <span class='ocrx_word' id='word_1_76' title='bbox 1257 1296 1704 1377; x_wconf 76' lang='lat' dir='ltr'><strong>descriptione,</strong></span> <span class='ocrx_word' id='word_1_77' title='bbox 1730 1304 2073 1378; x_wconf 88' lang='lat' dir='ltr'><strong>tyrannum</strong></span> <span class='ocrx_word' id='word_1_78' title='bbox 2107 1316 2145 1359; x_wconf 89' lang='lat' dir='ltr'><strong>a</strong></span> <span class='ocrx_word' id='word_1_79' title='bbox 2174 1316 2322 1377; x_wconf 83' lang='lat' dir='ltr'><strong>rege</strong></span> <span class='ocrx_word' id='word_1_80' title='bbox 2351 1298 2664 1363; x_wconf 87' lang='lat' dir='ltr'><strong>internos-</strong></span> 
     </span>
     <span class='ocr_line' id='line_1_10' title="bbox 312 1393 2666 1476; baseline 0.001 -19"><span class='ocrx_word' id='word_1_81' title='bbox 312 1414 483 1469; x_wconf 85' lang='lat' dir='ltr'><strong>cere3</strong></span> <span class='ocrx_word' id='word_1_82' title='bbox 518 1401 581 1456; x_wconf 92' lang='lat' dir='ltr'><strong>et</strong></span> <span class='ocrx_word' id='word_1_83' title='bbox 612 1401 953 1475; x_wconf 87' lang='lat' dir='ltr'><strong>tyrannum</strong></span> <span class='ocrx_word' id='word_1_84' title='bbox 982 1413 1179 1474; x_wconf 91' lang='lat' dir='ltr'><strong>quum</strong></span> <span class='ocrx_word' id='word_1_85' title='bbox 1210 1395 1351 1456; x_wconf 89' lang='lat' dir='ltr'><strong>dico</strong></span> <span class='ocrx_word' id='word_1_86' title='bbox 1376 1394 1613 1455; x_wconf 85' lang='lat' dir='ltr'><strong>secludi</strong></span> <span class='ocrx_word' id='word_1_87' title='bbox 1640 1393 1786 1457; x_wconf 82' lang='lat' dir='ltr'><strong>vol&#39;o</strong></span> <span class='ocrx_word' id='word_1_88' title='bbox 1811 1395 1891 1455; x_wconf 90' lang='lat' dir='ltr'><strong>ab</strong></span> <span class='ocrx_word' id='word_1_89' title='bbox 1922 1395 2042 1456; x_wconf 89' lang='lat' dir='ltr'><strong>hac</strong></span> <span class='ocrx_word' id='word_1_90' title='bbox 2078 1395 2527 1476; x_wconf 86' lang='lat' dir='ltr'><strong>disputatione,</strong></span> <span class='ocrx_word' id='word_1_91' title='bbox 2556 1398 2666 1459; x_wconf 88' lang='lat' dir='ltr'><strong>illa</strong></span> 
     </span>
     <span class='ocr_line' id='line_1_11' title="bbox 310 1491 2662 1573; baseline 0.001 -20"><span class='ocrx_word' id='word_1_92' title='bbox 310 1491 734 1571; x_wconf 87' lang='lat' dir='ltr'><strong>grammatica</strong></span> <span class='ocrx_word' id='word_1_93' title='bbox 769 1492 1023 1572; x_wconf 77' lang='lat' dir='ltr'><strong>tyranni</strong></span> <span class='ocrx_word' id='word_1_94' title='bbox 1060 1491 1440 1570; x_wconf 84' lang='lat' dir='ltr'><strong>significata,</strong></span> <span class='ocrx_word' id='word_1_95' title='bbox 1470 1492 1654 1571; x_wconf 85' lang='lat' dir='ltr'><strong>juxta</strong></span> <span class='ocrx_word' id='word_1_96' title='bbox 1690 1511 1832 1572; x_wconf 80' lang='lat' dir='ltr'><strong>quae</strong></span> <span class='ocrx_word' id='word_1_97' title='bbox 1877 1498 2120 1554; x_wconf 87' lang='lat' dir='ltr'><strong>veteres</strong></span> <span class='ocrx_word' id='word_1_98' title='bbox 2161 1492 2503 1573; x_wconf 84' lang='lat' dir='ltr'><strong>scriptores</strong></span> <span class='ocrx_word' id='word_1_99' title='bbox 2540 1494 2662 1555; x_wconf 85' lang='lat' dir='ltr'><strong>ali-</strong></span> 
     </span>
     <span class='ocr_line' id='line_1_12' title="bbox 312 1588 2736 1671; baseline 0.001 -20"><span class='ocrx_word' id='word_1_100' title='bbox 312 1590 567 1671; x_wconf 87' lang='lat' dir='ltr'><strong>quando</strong></span> <span class='ocrx_word' id='word_1_101' title='bbox 592 1608 791 1667; x_wconf 83' lang='lat' dir='ltr'><strong>regeS,</strong></span> <span class='ocrx_word' id='word_1_102' title='bbox 819 1588 1165 1670; x_wconf 89' lang='lat' dir='ltr'><strong>aliquando</strong></span> <span class='ocrx_word' id='word_1_103' title='bbox 1191 1589 1571 1651; x_wconf 87' lang='lat' dir='ltr'><strong>monarchas</strong></span> <span class='ocrx_word' id='word_1_104' title='bbox 1591 1590 1880 1651; x_wconf 87' lang='lat' dir='ltr'><strong>absolute</strong></span> <span class='ocrx_word' id='word_1_105' title='bbox 1902 1608 2030 1651; x_wconf 89' lang='lat' dir='ltr'><strong>non</strong></span> <span class='ocrx_word' id='word_1_106' title='bbox 2059 1597 2272 1652; x_wconf 87' lang='lat' dir='ltr'><strong>tamen</strong></span> <span class='ocrx_word' id='word_1_107' title='bbox 2301 1592 2666 1653; x_wconf 78' lang='lat' dir='ltr'><strong>immaniter</strong></span> <span class='ocrx_word' id='word_1_108' title='bbox 2731 1606 2736 1611; x_wconf 87' lang='grc'>·</span> 
     </span>
     <span class='ocr_line' id='line_1_13' title="bbox 314 1686 2668 1770; baseline 0 -21"><span class='ocrx_word' id='word_1_109' title='bbox 314 1688 703 1768; x_wconf 79' lang='lat' dir='ltr'><strong>imperantes</strong></span> <span class='ocrx_word' id='word_1_110' title='bbox 741 1687 859 1748; x_wconf 90' lang='lat' dir='ltr'><strong>sub</strong></span> <span class='ocrx_word' id='word_1_111' title='bbox 894 1686 1146 1767; x_wconf 80' lang='lat' dir='ltr'><strong>tyranni</strong></span> <span class='ocrx_word' id='word_1_112' title='bbox 1186 1688 1443 1749; x_wconf 88' lang='lat' dir='ltr'><strong>nomine</strong></span> <span class='ocrx_word' id='word_1_113' title='bbox 1492 1687 2035 1768; x_wconf 87' lang='lat' dir='ltr'><strong>complectuntur;</strong></span> <span class='ocrx_word' id='word_1_114' title='bbox 2077 1707 2346 1770; x_wconf 90' lang='lat' dir='ltr'><strong>eumque</strong></span> <span class='ocrx_word' id='word_1_115' title='bbox 2385 1695 2668 1751; x_wconf 88' lang='lat' dir='ltr'><strong>tantum-</strong></span> 
     </span>
     <span class='ocr_line' id='line_1_14' title="bbox 316 1783 2665 1865; baseline 0 -18"><span class='ocrx_word' id='word_1_116' title='bbox 316 1786 507 1848; x_wconf 89' lang='lat' dir='ltr'><strong>modo</strong></span> <span class='ocrx_word' id='word_1_117' title='bbox 540 1792 879 1865; x_wconf 82' lang='lat' dir='ltr'><strong>tyrannum</strong></span> <span class='ocrx_word' id='word_1_118' title='bbox 911 1784 1221 1864; x_wconf 78' lang='lat' dir='ltr'><strong>intelligO‚</strong></span> <span class='ocrx_word' id='word_1_119' title='bbox 1244 1804 1434 1865; x_wconf 90' lang='lat' dir='ltr'><strong>quem</strong></span> <span class='ocrx_word' id='word_1_120' title='bbox 1459 1783 1722 1863; x_wconf 85' lang='lat' dir='ltr'><strong>vulgata</strong></span> <span class='ocrx_word' id='word_1_121' title='bbox 1749 1786 2108 1847; x_wconf 67' lang='lat' dir='ltr'><strong>Graecorum</strong></span> <span class='ocrx_word' id='word_1_122' title='bbox 2141 1793 2202 1847; x_wconf 91' lang='lat' dir='ltr'><strong>et</strong></span> <span class='ocrx_word' id='word_1_123' title='bbox 2231 1788 2665 1848; x_wconf 90' lang='lat' dir='ltr'><strong>Romanorum</strong></span> 
     </span>
     <span class='ocr_line' id='line_1_15' title="bbox 312 1882 2667 1963; baseline 0 -18"><span class='ocrx_word' id='word_1_124' title='bbox 312 1890 373 1945; x_wconf 90' lang='lat' dir='ltr'><strong>et</strong></span> <span class='ocrx_word' id='word_1_125' title='bbox 420 1882 913 1946; x_wconf 90' lang='lat' dir='ltr'><strong>christianorum</strong></span> <span class='ocrx_word' id='word_1_126' title='bbox 964 1900 1215 1962; x_wconf 88' lang='lat' dir='ltr'><strong>quoque</strong></span> <span class='ocrx_word' id='word_1_127' title='bbox 1263 1885 1520 1962; x_wconf 87' lang='lat' dir='ltr'><strong>scripta,</strong></span> <span class='ocrx_word' id='word_1_128' title='bbox 1562 1888 1627 1943; x_wconf 86' lang='lat' dir='ltr'><strong>et</strong></span> <span class='ocrx_word' id='word_1_129' title='bbox 1665 1883 1804 1962; x_wconf 90' lang='lat' dir='ltr'><strong>ipsa</strong></span> <span class='ocrx_word' id='word_1_130' title='bbox 1848 1882 2018 1963; x_wconf 84' lang='lat' dir='ltr'><strong>apud</strong></span> <span class='ocrx_word' id='word_1_131' title='bbox 2065 1883 2444 1945; x_wconf 88' lang='lat' dir='ltr'><strong>christianos</strong></span> <span class='ocrx_word' id='word_1_132' title='bbox 2493 1902 2667 1945; x_wconf 81' lang='lat' dir='ltr'><strong>com-</strong></span> 
     </span>
     <span class='ocr_line' id='line_1_16' title="bbox 314 1979 2666 2061; baseline 0 -19"><span class='ocrx_word' id='word_1_133' title='bbox 314 1982 525 2045; x_wconf 89' lang='lat' dir='ltr'><strong>munis</strong></span> <span class='ocrx_word' id='word_1_134' title='bbox 556 1979 856 2060; x_wconf 90' lang='lat' dir='ltr'><strong>loquendi</strong></span> <span class='ocrx_word' id='word_1_135' title='bbox 886 1980 1273 2041; x_wconf 84' lang='lat' dir='ltr'><strong>consuetudo</strong></span> <span class='ocrx_word' id='word_1_136' title='bbox 1302 1981 1558 2059; x_wconf 81' lang='lat' dir='ltr'><strong>tyranni</strong></span> <span class='ocrx_word' id='word_1_137' title='bbox 1585 1999 1822 2041; x_wconf 89' lang='lat' dir='ltr'><strong>nomen</strong></span> <span class='ocrx_word' id='word_1_138' title='bbox 1852 1979 2164 2058; x_wconf 83' lang='lat' dir='ltr'><strong>designat,</strong></span> <span class='ocrx_word' id='word_1_139' title='bbox 2193 2000 2332 2060; x_wconf 84' lang='lat' dir='ltr'><strong>quae</strong></span> <span class='ocrx_word' id='word_1_140' title='bbox 2359 1983 2666 2061; x_wconf 86' lang='lat' dir='ltr'><strong>quemad·</strong></span> 
     </span>
     <span class='ocr_line' id='line_1_17' title="bbox 316 2077 2663 2159; baseline -0.001 -18"><span class='ocrx_word' id='word_1_141' title='bbox 316 2079 579 2141; x_wconf 89' lang='lat' dir='ltr'><strong>modum</strong></span> <span class='ocrx_word' id='word_1_142' title='bbox 610 2078 733 2138; x_wconf 88' lang='lat' dir='ltr'><strong>hoc</strong></span> <span class='ocrx_word' id='word_1_143' title='bbox 762 2095 993 2139; x_wconf 91' lang='lat' dir='ltr'><strong>nomen</strong></span> <span class='ocrx_word' id='word_1_144' title='bbox 1026 2078 1493 2157; x_wconf 82' lang='lat' dir='ltr'><strong>interpretetur,</strong></span> <span class='ocrx_word' id='word_1_145' title='bbox 1513 2077 1650 2156; x_wconf 87' lang='lat' dir='ltr'><strong>jam</strong></span> <span class='ocrx_word' id='word_1_146' title='bbox 1682 2077 1832 2139; x_wconf 91' lang='lat' dir='ltr'><strong>olim</strong></span> <span class='ocrx_word' id='word_1_147' title='bbox 1865 2079 1930 2137; x_wconf 90' lang='lat' dir='ltr'><strong>in</strong></span> <span class='ocrx_word' id='word_1_148' title='bbox 1961 2077 2194 2138; x_wconf 91' lang='lat' dir='ltr'><strong>celebri</strong></span> <span class='ocrx_word' id='word_1_149' title='bbox 2225 2080 2663 2159; x_wconf 89' lang='lat' dir='ltr'><strong>episcoporum</strong></span> 
     </span>
     <span class='ocr_line' id='line_1_18' title="bbox 324 2174 2668 2255; baseline -0 -17"><span class='ocrx_word' id='word_1_150' title='bbox 324 2176 591 2239; x_wconf 89' lang='lat' dir='ltr'><strong>concilio</strong></span> <span class='ocrx_word' id='word_1_151' title='bbox 624 2176 711 2237; x_wconf 89' lang='lat' dir='ltr'><strong>sic</strong></span> <span class='ocrx_word' id='word_1_152' title='bbox 741 2174 1079 2255; x_wconf 79' lang='lat' dir='ltr'><strong>explicavit</strong></span> <span class='ocrx_word' id='word_1_153' title='bbox 1113 2195 1127 2237; x_wconf 76' lang='grc' dir='ltr'>ε</span> <span class='ocrx_word' id='word_1_154' title='bbox 1163 2178 1295 2237; x_wconf 82' lang='lat' dir='ltr'><strong>Rex</strong></span> <span class='ocrx_word' id='word_1_155' title='bbox 1322 2195 1361 2237; x_wconf 89' lang='lat' dir='ltr'><strong>a</strong></span> <span class='ocrx_word' id='word_1_156' title='bbox 1390 2182 1555 2237; x_wconf 86' lang='lat' dir='ltr'><strong>recte</strong></span> <span class='ocrx_word' id='word_1_157' title='bbox 1589 2175 1865 2255; x_wconf 88' lang='lat' dir='ltr'><strong>regendo</strong></span> <span class='ocrx_word' id='word_1_158' title='bbox 1899 2181 2192 2251; x_wconf 78' lang='lat' dir='ltr'><strong>vocatur3</strong></span> <span class='ocrx_word' id='word_1_159' title='bbox 2225 2176 2279 2236; x_wconf 90' lang='lat' dir='ltr'><strong>si</strong></span> <span class='ocrx_word' id='word_1_160' title='bbox 2309 2176 2475 2243; x_wconf 87' lang='lat' dir='ltr'><strong>enim</strong></span> <span class='ocrx_word' id='word_1_161' title='bbox 2501 2176 2668 2254; x_wconf 80' lang='lat' dir='ltr'><strong>juste</strong></span> 
     </span>
     <span class='ocr_line' id='line_1_19' title="bbox 321 2272 2665 2354; baseline -0 -19"><span class='ocrx_word' id='word_1_162' title='bbox 321 2281 382 2336; x_wconf 91' lang='lat' dir='ltr'><strong>et</strong></span> <span class='ocrx_word' id='word_1_163' title='bbox 413 2275 514 2354; x_wconf 92' lang='lat' dir='ltr'><strong>pie</strong></span> <span class='ocrx_word' id='word_1_164' title='bbox 544 2279 607 2334; x_wconf 88' lang='lat' dir='ltr'><strong>et</strong></span> <span class='ocrx_word' id='word_1_165' title='bbox 640 2272 1123 2335; x_wconf 84' lang='lat' dir='ltr'><strong>misericorditer</strong></span> <span class='ocrx_word' id='word_1_166' title='bbox 1150 2274 1335 2353; x_wconf 85' lang='lat' dir='ltr'><strong>regit</strong></span> <span class='ocrx_word' id='word_1_167' title='bbox 1358 2274 1584 2335; x_wconf 89' lang='lat' dir='ltr'><strong>merito</strong></span> <span class='ocrx_word' id='word_1_168' title='bbox 1613 2293 1723 2334; x_wconf 85' lang='lat' dir='ltr'><strong>rex</strong></span> <span class='ocrx_word' id='word_1_169' title='bbox 1755 2273 2141 2353; x_wconf 61' lang='lat' dir='ltr'><strong>appellatum</strong></span> <span class='ocrx_word' id='word_1_170' title='bbox 2171 2274 2223 2334; x_wconf 90' lang='lat' dir='ltr'><strong>si</strong></span> <span class='ocrx_word' id='word_1_171' title='bbox 2253 2274 2348 2334; x_wconf 92' lang='lat' dir='ltr'><strong>his</strong></span> <span class='ocrx_word' id='word_1_172' title='bbox 2371 2274 2665 2348; x_wconf 84' lang='lat' dir='ltr'><strong>caruerit,</strong></span> 
     </span>
     <span class='ocr_line' id='line_1_20' title="bbox 318 2371 1353 2453; baseline -0.007 -20"><span class='ocrx_word' id='word_1_173' title='bbox 318 2391 447 2453; x_wconf 82' lang='lat' dir='ltr'><strong>non</strong></span> <span class='ocrx_word' id='word_1_174' title='bbox 477 2390 609 2445; x_wconf 88' lang='lat' dir='ltr'><strong>rex,</strong></span> <span class='ocrx_word' id='word_1_175' title='bbox 644 2371 753 2433; x_wconf 89' lang='lat' dir='ltr'><strong>sed</strong></span> <span class='ocrx_word' id='word_1_176' title='bbox 784 2378 1091 2451; x_wconf 83' lang='lat' dir='ltr'><strong>tyrannus</strong></span> <span class='ocrx_word' id='word_1_177' title='bbox 1119 2378 1303 2434; x_wconf 86' lang='lat' dir='ltr'><strong>est.»</strong></span> <span class='ocrx_word' id='word_1_178' title='bbox 1344 2390 1353 2422; x_wconf 89' lang='grc'><strong>.·</strong></span> 
     </span>
    </p>

    <p class='ocr_par' dir='ltr' id='par_1_4' title="bbox 310 2434 2671 2844">
     <span class='ocr_line' id='line_1_21' title="bbox 356 2434 2670 2549; baseline 0 -20"><span class='ocrx_word' id='word_1_179' title='bbox 356 2472 571 2530; x_wconf 90' lang='lat' dir='ltr'><strong>Tunc</strong></span> <span class='ocrx_word' id='word_1_180' title='bbox 612 2468 735 2531; x_wconf 88' lang='lat' dir='ltr'><strong>tria</strong></span> <span class='ocrx_word' id='word_1_181' title='bbox 766 2488 899 2530; x_wconf 87' lang='lat' dir='ltr'><strong>esse</strong></span> <span class='ocrx_word' id='word_1_182' title='bbox 940 2488 1173 2547; x_wconf 86' lang='lat' dir='ltr'><strong>genera</strong></span> <span class='ocrx_word' id='word_1_183' title='bbox 1210 2476 1628 2549; x_wconf 87' lang='lat' dir='ltr'><strong>tyrannorum</strong></span> <span class='ocrx_word' id='word_1_184' title='bbox 1667 2434 2032 2531; x_wconf 86' lang='lat' dir='ltr'><strong>asseverat:</strong></span> <span class='ocrx_word' id='word_1_185' title='bbox 2068 2472 2132 2528; x_wconf 86' lang='lat'><strong>1⁰</strong></span> <span class='ocrx_word' id='word_1_186' title='bbox 2169 2469 2278 2549; x_wconf 91' lang='lat' dir='ltr'><strong>qui</strong></span> <span class='ocrx_word' id='word_1_187' title='bbox 2313 2468 2482 2548; x_wconf 88' lang='lat' dir='ltr'><strong>leges</strong></span> <span class='ocrx_word' id='word_1_188' title='bbox 2517 2487 2670 2529; x_wconf 84' lang='lat' dir='ltr'><strong>con·-</strong></span> 
     </span>
     <span class='ocr_line' id='line_1_22' title="bbox 312 2566 2673 2648; baseline -0.002 -18"><span class='ocrx_word' id='word_1_189' title='bbox 312 2576 601 2630; x_wconf 85' lang='lat' dir='ltr'><strong>temnens</strong></span> <span class='ocrx_word' id='word_1_190' title='bbox 628 2566 943 2648; x_wconf 82' lang='lat' dir='ltr'><strong>rapaciter</strong></span> <span class='ocrx_word' id='word_1_191' title='bbox 962 2567 1359 2630; x_wconf 88' lang='lat' dir='ltr'><strong>subditorum</strong></span> <span class='ocrx_word' id='word_1_192' title='bbox 1382 2567 1550 2629; x_wconf 90' lang='lat' dir='ltr'><strong>bona</strong></span> <span class='ocrx_word' id='word_1_193' title='bbox 1571 2567 1788 2648; x_wconf 84' lang='lat' dir='ltr'><strong>eripit;</strong></span> <span class='ocrx_word' id='word_1_194' title='bbox 1813 2570 1878 2628; x_wconf 83' lang='lat'><strong>2⁰</strong></span> <span class='ocrx_word' id='word_1_195' title='bbox 1899 2567 2006 2647; x_wconf 90' lang='lat' dir='ltr'><strong>qui</strong></span> <span class='ocrx_word' id='word_1_196' title='bbox 2035 2567 2368 2629; x_wconf 88' lang='lat' dir='ltr'><strong>libidinose</strong></span> <span class='ocrx_word' id='word_1_197' title='bbox 2394 2566 2673 2648; x_wconf 90' lang='lat' dir='ltr'><strong>corpori-</strong></span> 
     </span>
     <span class='ocr_line' id='line_1_23' title="bbox 310 2665 2671 2746; baseline -0.001 -18"><span class='ocrx_word' id='word_1_198' title='bbox 310 2667 429 2728; x_wconf 88' lang='lat' dir='ltr'><strong>bus</strong></span> <span class='ocrx_word' id='word_1_199' title='bbox 456 2667 585 2727; x_wconf 88' lang='lat' dir='ltr'><strong>vim</strong></span> <span class='ocrx_word' id='word_1_200' title='bbox 620 2666 803 2727; x_wconf 83' lang='lat' dir='ltr'><strong>affert</strong></span> <span class='ocrx_word' id='word_1_201' title='bbox 822 2673 885 2727; x_wconf 87' lang='lat' dir='ltr'><strong>et</strong></span> <span class='ocrx_word' id='word_1_202' title='bbox 908 2665 1229 2746; x_wconf 87' lang='lat' dir='ltr'><strong>publicam</strong></span> <span class='ocrx_word' id='word_1_203' title='bbox 1258 2668 1654 2729; x_wconf 88' lang='lat' dir='ltr'><strong>honestatem</strong></span> <span class='ocrx_word' id='word_1_204' title='bbox 1679 2685 2014 2746; x_wconf 88' lang='lat' dir='ltr'><strong>moresque</strong></span> <span class='ocrx_word' id='word_1_205' title='bbox 2040 2667 2410 2746; x_wconf 89' lang='lat' dir='ltr'><strong>corrumpit.</strong></span> <span class='ocrx_word' id='word_1_206' title='bbox 2437 2665 2671 2726; x_wconf 85' lang='lat' dir='ltr'><strong>Deinde</strong></span> 
     </span>
     <span class='ocr_line' id='line_1_24' title="bbox 310 2764 2670 2844; baseline -0.002 -18"><span class='ocrx_word' id='word_1_207' title='bbox 310 2765 603 2844; x_wconf 79' lang='lat' dir='ltr'><strong>exempla</strong></span> <span class='ocrx_word' id='word_1_208' title='bbox 642 2764 887 2843; x_wconf 86' lang='lat' dir='ltr'><strong>aliquot</strong></span> <span class='ocrx_word' id='word_1_209' title='bbox 920 2764 1001 2825; x_wconf 90' lang='lat' dir='ltr'><strong>ad</strong></span> <span class='ocrx_word' id='word_1_210' title='bbox 1037 2783 1169 2825; x_wconf 87' lang='lat' dir='ltr'><strong>rem</strong></span> <span class='ocrx_word' id='word_1_211' title='bbox 1199 2764 1665 2844; x_wconf 85' lang='lat' dir='ltr'><strong>explanandam</strong></span> <span class='ocrx_word' id='word_1_212' title='bbox 1701 2765 1878 2844; x_wconf 90' lang='lat' dir='ltr'><strong>ponit</strong></span> <span class='ocrx_word' id='word_1_213' title='bbox 1913 2783 1990 2824; x_wconf 89' lang='lat' dir='ltr'><strong>ex</strong></span> <span class='ocrx_word' id='word_1_214' title='bbox 2026 2764 2434 2843; x_wconf 90' lang='lat' dir='ltr'><strong>antiquorum</strong></span> <span class='ocrx_word' id='word_1_215' title='bbox 2465 2780 2670 2822; x_wconf 89' lang='lat' dir='ltr'><strong>anna-</strong></span> 
     </span>
    </p>
   </div>
   <div class='ocr_carea' id='block_1_3' title="bbox 313 2849 2772 2941">
    <p class='ocr_par' dir='ltr' id='par_1_5' title="bbox 313 2849 2772 2941">
     <span class='ocr_line' id='line_1_25' title="bbox 313 2849 2772 2941; baseline 0 -21"><span class='ocrx_word' id='word_1_216' title='bbox 313 2861 475 2922; x_wconf 90' lang='lat' dir='ltr'><strong>libus</strong></span> <span class='ocrx_word' id='word_1_217' title='bbox 503 2860 859 2940; x_wconf 83' lang='lat' dir='ltr'><strong>desumpta.</strong></span> <span class='ocrx_word' id='word_1_218' title='bbox 891 2861 1017 2923; x_wconf 88' lang='lat' dir='ltr'><strong>Sed</strong></span> <span class='ocrx_word' id='word_1_219' title='bbox 1043 2867 1189 2922; x_wconf 83' lang='lat' dir='ltr'><strong>ant-e</strong></span> <span class='ocrx_word' id='word_1_220' title='bbox 1221 2879 1441 2923; x_wconf 84' lang='lat' dir='ltr'><strong>omnes</strong></span> <span class='ocrx_word' id='word_1_221' title='bbox 1471 2880 1632 2941; x_wconf 88' lang='lat' dir='ltr'><strong>quos</strong></span> <span class='ocrx_word' id='word_1_222' title='bbox 1659 2859 2062 2935; x_wconf 86' lang='lat' dir='ltr'><strong>memoravit,</strong></span> <span class='ocrx_word' id='word_1_223' title='bbox 2088 2860 2156 2919; x_wconf 90' lang='lat' dir='ltr'><strong>in</strong></span> <span class='ocrx_word' id='word_1_224' title='bbox 2180 2859 2448 2921; x_wconf 86' lang='lat' dir='ltr'><strong>Henrico</strong></span> <span class='ocrx_word' id='word_1_225' title='bbox 2481 2859 2668 2920; x_wconf 87' lang='lat' dir='ltr'><strong>tertio</strong></span> <span class='ocrx_word' id='word_1_226' title='bbox 2766 2849 2772 2856; x_wconf 58' lang='grc'><strong><em>’</em></strong></span> 
     </span>
    </p>
   </div>
   <div class='ocr_carea' id='block_1_4' title="bbox 312 2956 2686 4506">
    <p class='ocr_par' dir='ltr' id='par_1_6' title="bbox 312 2956 2676 3725">
     <span class='ocr_line' id='line_1_26' title="bbox 312 2956 2670 3040; baseline -0.001 -20"><span class='ocrx_word' id='word_1_227' title='bbox 312 2959 630 3040; x_wconf 78' lang='lat' dir='ltr'><strong>praecipue</strong></span> <span class='ocrx_word' id='word_1_228' title='bbox 661 2959 1059 3022; x_wconf 87' lang='lat' dir='ltr'><strong>immoratur.</strong></span> <span class='ocrx_word' id='word_1_229' title='bbox 1092 2984 1121 3016; x_wconf 89' lang='lat'>«</span> <span class='ocrx_word' id='word_1_230' title='bbox 1151 2962 1353 3040; x_wconf 89' lang='lat' dir='ltr'><strong>thue</strong></span> <span class='ocrx_word' id='word_1_231' title='bbox 1384 2961 1664 3039; x_wconf 88' lang='lat' dir='ltr'><strong>antiquis</strong></span> <span class='ocrx_word' id='word_1_232' title='bbox 1688 2959 1826 3020; x_wconf 87' lang='lat' dir='ltr'><strong>istis</strong></span> <span class='ocrx_word' id='word_1_233' title='bbox 1853 2977 2054 3020; x_wconf 89' lang='lat' dir='ltr'><strong>unum</strong></span> <span class='ocrx_word' id='word_1_234' title='bbox 2080 2963 2312 3020; x_wconf 79' lang='lat' dir='ltr'><strong>nostrae</strong></span> <span class='ocrx_word' id='word_1_235' title='bbox 2347 2956 2670 3018; x_wconf 84' lang='lat' dir='ltr'><strong>memoriae</strong></span> 
     </span>
     <span class='ocr_line' id='line_1_27' title="bbox 313 3055 2673 3138; baseline -0.002 -18"><span class='ocrx_word' id='word_1_236' title='bbox 313 3065 373 3120; x_wconf 90' lang='lat' dir='ltr'><strong>et</strong></span> <span class='ocrx_word' id='word_1_237' title='bbox 409 3058 615 3119; x_wconf 84' lang='lat' dir='ltr'><strong>aetatis</strong></span> <span class='ocrx_word' id='word_1_238' title='bbox 653 3057 1161 3121; x_wconf 88' lang='lat' dir='ltr'><strong>recentissimum.</strong></span> <span class='ocrx_word' id='word_1_239' title='bbox 1194 3065 1257 3119; x_wconf 87' lang='lat' dir='ltr'><strong>et</strong></span> <span class='ocrx_word' id='word_1_240' title='bbox 1296 3057 1618 3138; x_wconf 83' lang='lat' dir='ltr'><strong>singulare</strong></span> <span class='ocrx_word' id='word_1_241' title='bbox 1661 3056 2016 3138; x_wconf 78' lang='lat' dir='ltr'><strong>tyrannidis</strong></span> <span class='ocrx_word' id='word_1_242' title='bbox 2049 3055 2410 3135; x_wconf 85' lang='lat' dir='ltr'><strong>exemplum</strong></span> <span class='ocrx_word' id='word_1_243' title='bbox 2445 3056 2673 3135; x_wconf 85' lang='lat' dir='ltr'><strong>adjun-</strong></span> 
     </span>
     <span class='ocr_line' id='line_1_28' title="bbox 317 3153 2674 3236; baseline -0.002 -19"><span class='ocrx_word' id='word_1_244' title='bbox 317 3175 487 3235; x_wconf 78' lang='lat' dir='ltr'><strong>gam,</strong></span> <span class='ocrx_word' id='word_1_245' title='bbox 524 3156 680 3216; x_wconf 87' lang='lat' dir='ltr'><strong>nihil</strong></span> <span class='ocrx_word' id='word_1_246' title='bbox 718 3157 785 3217; x_wconf 90' lang='lat' dir='ltr'><strong>in</strong></span> <span class='ocrx_word' id='word_1_247' title='bbox 825 3156 1056 3218; x_wconf 91' lang='lat' dir='ltr'><strong>horum</strong></span> <span class='ocrx_word' id='word_1_248' title='bbox 1096 3163 1382 3217; x_wconf 89' lang='lat' dir='ltr'><strong>veterum</strong></span> <span class='ocrx_word' id='word_1_249' title='bbox 1422 3164 1844 3236; x_wconf 86' lang='lat' dir='ltr'><strong>tyrannorum</strong></span> <span class='ocrx_word' id='word_1_250' title='bbox 1890 3154 2405 3235; x_wconf 86' lang='lat' dir='ltr'><strong>profligatissimo</strong></span> <span class='ocrx_word' id='word_1_251' title='bbox 2452 3153 2674 3234; x_wconf 89' lang='lat' dir='ltr'><strong>quovis</strong></span> 
     </span>
     <span class='ocr_line' id='line_1_29' title="bbox 317 3253 2676 3334; baseline -0.002 -19"><span class='ocrx_word' id='word_1_252' title='bbox 317 3255 724 3334; x_wconf 85' lang='lat' dir='ltr'><strong>tyrannicum</strong></span> <span class='ocrx_word' id='word_1_253' title='bbox 758 3255 1077 3334; x_wconf 84' lang='lat' dir='ltr'><strong>apparuit,</strong></span> <span class='ocrx_word' id='word_1_254' title='bbox 1109 3254 1277 3334; x_wconf 90' lang='lat' dir='ltr'><strong>quod</strong></span> <span class='ocrx_word' id='word_1_255' title='bbox 1303 3273 1432 3316; x_wconf 94' lang='lat' dir='ltr'><strong>non</strong></span> <span class='ocrx_word' id='word_1_256' title='bbox 1455 3255 1517 3314; x_wconf 91' lang='lat' dir='ltr'><strong>in</strong></span> <span class='ocrx_word' id='word_1_257' title='bbox 1545 3254 1816 3316; x_wconf 91' lang='lat' dir='ltr'><strong>Henrico</strong></span> <span class='ocrx_word' id='word_1_258' title='bbox 1845 3253 2094 3316; x_wconf 90' lang='lat' dir='ltr'><strong>Valesio</strong></span> <span class='ocrx_word' id='word_1_259' title='bbox 2121 3253 2312 3332; x_wconf 88' lang='lat' dir='ltr'><strong>hujus</strong></span> <span class='ocrx_word' id='word_1_260' title='bbox 2340 3257 2676 3333; x_wconf 86' lang='lat' dir='ltr'><strong>tempesta-</strong></span> 
     </span>
     <span class='ocr_line' id='line_1_30' title="bbox 322 3350 2674 3432; baseline -0.001 -20"><span class='ocrx_word' id='word_1_261' title='bbox 322 3353 397 3414; x_wconf 89' lang='lat' dir='ltr'><strong>tis</strong></span> <span class='ocrx_word' id='word_1_262' title='bbox 430 3359 703 3432; x_wconf 84' lang='lat' dir='ltr'><strong>tyranno</strong></span> <span class='ocrx_word' id='word_1_263' title='bbox 740 3353 977 3414; x_wconf 89' lang='lat' dir='ltr'><strong>Gallico</strong></span> <span class='ocrx_word' id='word_1_264' title='bbox 1019 3353 1399 3414; x_wconf 84' lang='lat' dir='ltr'><strong>excellenter</strong></span> <span class='ocrx_word' id='word_1_265' title='bbox 1432 3354 1730 3428; x_wconf 88' lang='lat' dir='ltr'><strong>eminuit;</strong></span> <span class='ocrx_word' id='word_1_266' title='bbox 1765 3352 1873 3432; x_wconf 87' lang='lat' dir='ltr'><strong>qui</strong></span> <span class='ocrx_word' id='word_1_267' title='bbox 1915 3352 2372 3432; x_wconf 88' lang='lat' dir='ltr'><strong>amplissimum</strong></span> <span class='ocrx_word' id='word_1_268' title='bbox 2407 3359 2469 3412; x_wconf 89' lang='lat' dir='ltr'><strong>et</strong></span> <span class='ocrx_word' id='word_1_269' title='bbox 2499 3350 2674 3410; x_wconf 89' lang='lat' dir='ltr'><strong>locu-</strong></span> 
     </span>
     <span class='ocr_line' id='line_1_31' title="bbox 322 3449 2674 3530; baseline -0.001 -22"><span class='ocrx_word' id='word_1_270' title='bbox 322 3449 740 3530; x_wconf 86' lang='lat' dir='ltr'><strong>pletissimum</strong></span> <span class='ocrx_word' id='word_1_271' title='bbox 772 3451 987 3511; x_wconf 84' lang='lat' dir='ltr'><strong>Galliae</strong></span> <span class='ocrx_word' id='word_1_272' title='bbox 1020 3469 1283 3529; x_wconf 86' lang='lat' dir='ltr'><strong>regnum</strong></span> <span class='ocrx_word' id='word_1_273' title='bbox 1316 3451 1404 3511; x_wconf 85' lang='lat' dir='ltr'><strong>ita</strong></span> <span class='ocrx_word' id='word_1_274' title='bbox 1430 3451 1796 3512; x_wconf 87' lang='lat' dir='ltr'><strong>immaniter</strong></span> <span class='ocrx_word' id='word_1_275' title='bbox 1824 3449 2234 3530; x_wconf 86' lang='lat' dir='ltr'><strong>depeculatus</strong></span> <span class='ocrx_word' id='word_1_276' title='bbox 2263 3455 2377 3526; x_wconf 89' lang='lat' dir='ltr'><strong>est,</strong></span> <span class='ocrx_word' id='word_1_277' title='bbox 2412 3453 2482 3507; x_wconf 82' lang='lat' dir='ltr'><strong>ut</strong></span> <span class='ocrx_word' id='word_1_278' title='bbox 2509 3465 2674 3506; x_wconf 91' lang='lat' dir='ltr'><strong>nun-</strong></span> 
     </span>
     <span class='ocr_line' id='line_1_32' title="bbox 323 3543 2676 3652; baseline -0.002 -44"><span class='ocrx_word' id='word_1_279' title='bbox 323 3566 515 3626; x_wconf 87' lang='lat' dir='ltr'><strong>quam</strong></span> <span class='ocrx_word' id='word_1_280' title='bbox 558 3547 781 3609; x_wconf 88' lang='lat' dir='ltr'><strong>Verres</strong></span> <span class='ocrx_word' id='word_1_281' title='bbox 823 3548 1049 3610; x_wconf 78' lang='lat' dir='ltr'><strong>Siciliae</strong></span> <span class='ocrx_word' id='word_1_282' title='bbox 1097 3548 1369 3610; x_wconf 88' lang='lat' dir='ltr'><strong>insulam</strong></span> <span class='ocrx_word' id='word_1_283' title='bbox 1404 3550 1608 3627; x_wconf 85' lang='lat' dir='ltr'><strong>magis</strong></span> <span class='ocrx_word' id='word_1_284' title='bbox 1655 3568 1844 3610; x_wconf 89' lang='lat' dir='ltr'><strong>avare</strong></span> <span class='ocrx_word' id='word_1_285' title='bbox 1893 3555 1955 3609; x_wconf 92' lang='lat' dir='ltr'><strong>et</strong></span> <span class='ocrx_word' id='word_1_286' title='bbox 2003 3547 2254 3609; x_wconf 87' lang='lat' dir='ltr'><strong>sordide</strong></span> <span class='ocrx_word' id='word_1_287' title='bbox 2307 3543 2676 3652; x_wconf 85' lang='lat' dir='ltr'><strong>expilaverit</strong></span> 
     </span>
     <span class='ocr_line' id='line_1_33' title="bbox 321 3646 1389 3725; baseline -0.005 -19"><span class='ocrx_word' id='word_1_288' title='bbox 321 3665 515 3725; x_wconf 88' lang='lat' dir='ltr'><strong>quam</strong></span> <span class='ocrx_word' id='word_1_289' title='bbox 550 3646 853 3707; x_wconf 88' lang='lat' dir='ltr'><strong>Henricus</strong></span> <span class='ocrx_word' id='word_1_290' title='bbox 879 3646 996 3708; x_wconf 88' lang='lat' dir='ltr'><strong>iste</strong></span> <span class='ocrx_word' id='word_1_291' title='bbox 1028 3646 1389 3710; x_wconf 84' lang='lat' dir='ltr'><strong>Galliam.»</strong></span> 
     </span>
    </p>

    <p class='ocr_par' dir='ltr' id='par_1_7' title="bbox 323 3737 2686 4505">
     <span class='ocr_line' id='line_1_34' title="bbox 404 3737 2680 3824; baseline -0.003 -19"><span class='ocrx_word' id='word_1_292' title='bbox 404 3743 513 3805; x_wconf 91' lang='lat' dir='ltr'><strong>llle</strong></span> <span class='ocrx_word' id='word_1_293' title='bbox 538 3746 771 3824; x_wconf 89' lang='lat' dir='ltr'><strong>pariter</strong></span> <span class='ocrx_word' id='word_1_294' title='bbox 806 3750 869 3804; x_wconf 88' lang='lat' dir='ltr'><strong>et</strong></span> <span class='ocrx_word' id='word_1_295' title='bbox 896 3744 963 3804; x_wconf 90' lang='lat' dir='ltr'><strong>in</strong></span> <span class='ocrx_word' id='word_1_296' title='bbox 1003 3744 1188 3824; x_wconf 90' lang='lat' dir='ltr'><strong>primi</strong></span> <span class='ocrx_word' id='word_1_297' title='bbox 1220 3746 1465 3823; x_wconf 83' lang='lat' dir='ltr'><strong>generis</strong></span> <span class='ocrx_word' id='word_1_298' title='bbox 1495 3751 1557 3806; x_wconf 90' lang='lat' dir='ltr'><strong>et</strong></span> <span class='ocrx_word' id='word_1_299' title='bbox 1586 3745 1652 3805; x_wconf 88' lang='lat' dir='ltr'><strong>in</strong></span> <span class='ocrx_word' id='word_1_300' title='bbox 1677 3743 1933 3806; x_wconf 90' lang='lat' dir='ltr'><strong>secundi</strong></span> <span class='ocrx_word' id='word_1_301' title='bbox 1958 3743 2244 3824; x_wconf 88' lang='lat' dir='ltr'><strong>tyrannis</strong></span> <span class='ocrx_word' id='word_1_302' title='bbox 2273 3737 2680 3802; x_wconf 87' lang='lat' dir='ltr'><strong>annumerari</strong></span> 
     </span>
     <span class='ocr_line' id='line_1_35' title="bbox 324 3837 2674 3923; baseline -0.003 -21"><span class='ocrx_word' id='word_1_303' title='bbox 324 3848 535 3921; x_wconf 86' lang='lat' dir='ltr'><strong>potest</strong></span> <span class='ocrx_word' id='word_1_304' title='bbox 574 3861 586 3903; x_wconf 94' lang='lat'><strong>:</strong></span> <span class='ocrx_word' id='word_1_305' title='bbox 637 3867 665 3898; x_wconf 89' lang='lat'>«</span> <span class='ocrx_word' id='word_1_306' title='bbox 708 3844 1045 3923; x_wconf 89' lang='lat' dir='ltr'><strong>Tyrannus</strong></span> <span class='ocrx_word' id='word_1_307' title='bbox 1092 3861 1242 3922; x_wconf 86' lang='lat' dir='ltr'><strong>ergo</strong></span> <span class='ocrx_word' id='word_1_308' title='bbox 1269 3843 1618 3922; x_wconf 88' lang='lat' dir='ltr'><strong>justissime</strong></span> <span class='ocrx_word' id='word_1_309' title='bbox 1667 3842 1998 3903; x_wconf 89' lang='lat' dir='ltr'><strong>habendus</strong></span> <span class='ocrx_word' id='word_1_310' title='bbox 2046 3845 2140 3901; x_wconf 88' lang='lat' dir='ltr'><strong>est</strong></span> <span class='ocrx_word' id='word_1_311' title='bbox 2185 3838 2490 3900; x_wconf 91' lang='lat' dir='ltr'><strong>Henricus</strong></span> <span class='ocrx_word' id='word_1_312' title='bbox 2536 3837 2674 3910; x_wconf 86' lang='lat' dir='ltr'><strong>iste,</strong></span> 
     </span>
     <span class='ocr_line' id='line_1_36' title="bbox 323 3933 2680 4022; baseline -0.004 -21"><span class='ocrx_word' id='word_1_313' title='bbox 323 3939 376 4002; x_wconf 89' lang='lat' dir='ltr'><strong>si</strong></span> <span class='ocrx_word' id='word_1_314' title='bbox 404 3940 749 4000; x_wconf 89' lang='lat' dir='ltr'><strong>secundam</strong></span> <span class='ocrx_word' id='word_1_315' title='bbox 777 3939 953 4002; x_wconf 89' lang='lat' dir='ltr'><strong>illam</strong></span> <span class='ocrx_word' id='word_1_316' title='bbox 988 3941 1243 4020; x_wconf 90' lang='lat' dir='ltr'><strong>tyranni</strong></span> <span class='ocrx_word' id='word_1_317' title='bbox 1270 3940 1757 4022; x_wconf 87' lang='lat' dir='ltr'><strong>descriptionem</strong></span> <span class='ocrx_word' id='word_1_318' title='bbox 1799 3938 2215 4011; x_wconf 87' lang='lat' dir='ltr'><strong>attendimus;</strong></span> <span class='ocrx_word' id='word_1_319' title='bbox 2245 3953 2445 4014; x_wconf 88' lang='lat' dir='ltr'><strong>eoque</strong></span> <span class='ocrx_word' id='word_1_320' title='bbox 2477 3933 2680 4011; x_wconf 87' lang='lat' dir='ltr'><strong>magis</strong></span> 
     </span>
     <span class='ocr_line' id='line_1_37' title="bbox 325 4030 2679 4119; baseline -0.003 -21"><span class='ocrx_word' id='word_1_321' title='bbox 325 4037 493 4118; x_wconf 92' lang='lat' dir='ltr'><strong>quod</strong></span> <span class='ocrx_word' id='word_1_322' title='bbox 538 4056 665 4099; x_wconf 89' lang='lat' dir='ltr'><strong>non</strong></span> <span class='ocrx_word' id='word_1_323' title='bbox 695 4045 943 4100; x_wconf 84' lang='lat' dir='ltr'><strong>tantum</strong></span> <span class='ocrx_word' id='word_1_324' title='bbox 982 4039 1115 4119; x_wconf 90' lang='lat' dir='ltr'><strong>ipse</strong></span> <span class='ocrx_word' id='word_1_325' title='bbox 1156 4039 1411 4117; x_wconf 83' lang='lat' dir='ltr'><strong>ignavia</strong></span> <span class='ocrx_word' id='word_1_326' title='bbox 1449 4045 1509 4098; x_wconf 86' lang='lat' dir='ltr'><strong>et</strong></span> <span class='ocrx_word' id='word_1_327' title='bbox 1550 4038 1746 4098; x_wconf 90' lang='lat' dir='ltr'><strong>animi</strong></span> <span class='ocrx_word' id='word_1_328' title='bbox 1786 4038 1881 4098; x_wconf 91' lang='lat' dir='ltr'><strong>sui</strong></span> <span class='ocrx_word' id='word_1_329' title='bbox 1927 4035 2168 4097; x_wconf 87' lang='lat' dir='ltr'><strong>sordidi</strong></span> <span class='ocrx_word' id='word_1_330' title='bbox 2198 4033 2561 4094; x_wconf 88' lang='lat' dir='ltr'><strong>remissione</strong></span> <span class='ocrx_word' id='word_1_331' title='bbox 2599 4030 2679 4092; x_wconf 90' lang='lat' dir='ltr'><strong>ad</strong></span> 
     </span>
     <span class='ocr_line' id='line_1_38' title="bbox 327 4128 2683 4239; baseline -0.003 -42"><span class='ocrx_word' id='word_1_332' title='bbox 327 4136 491 4198; x_wconf 89' lang='lat' dir='ltr'><strong>hanc</strong></span> <span class='ocrx_word' id='word_1_333' title='bbox 522 4136 872 4197; x_wconf 84' lang='lat' dir='ltr'><strong>foeditatem</strong></span> <span class='ocrx_word' id='word_1_334' title='bbox 910 4144 971 4198; x_wconf 92' lang='lat' dir='ltr'><strong>et</strong></span> <span class='ocrx_word' id='word_1_335' title='bbox 1003 4137 1350 4216; x_wconf 89' lang='lat' dir='ltr'><strong>nequitiam</strong></span> <span class='ocrx_word' id='word_1_336' title='bbox 1388 4137 1726 4216; x_wconf 88' lang='lat' dir='ltr'><strong>prolapsus</strong></span> <span class='ocrx_word' id='word_1_337' title='bbox 1755 4142 1870 4213; x_wconf 86' lang='lat' dir='ltr'><strong>est,</strong></span> <span class='ocrx_word' id='word_1_338' title='bbox 1905 4151 2170 4214; x_wconf 88' lang='lat' dir='ltr'><strong>eamque</strong></span> <span class='ocrx_word' id='word_1_339' title='bbox 2209 4132 2376 4192; x_wconf 91' lang='lat' dir='ltr'><strong>intra</strong></span> <span class='ocrx_word' id='word_1_340' title='bbox 2405 4128 2683 4239; x_wconf 77' lang='lat' dir='ltr'><strong>privatos</strong></span> 
     </span>
     <span class='ocr_line' id='line_1_39' title="bbox 330 4227 2682 4316; baseline -0.004 -20"><span class='ocrx_word' id='word_1_341' title='bbox 330 4234 551 4314; x_wconf 89' lang='lat' dir='ltr'><strong>palatii</strong></span> <span class='ocrx_word' id='word_1_342' title='bbox 584 4235 635 4294; x_wconf 92' lang='lat' dir='ltr'><strong>si</strong></span> <span class='ocrx_word' id='word_1_343' title='bbox 676 4235 949 4314; x_wconf 88' lang='lat' dir='ltr'><strong>parietes</strong></span> <span class='ocrx_word' id='word_1_344' title='bbox 984 4235 1292 4310; x_wconf 89' lang='lat' dir='ltr'><strong>cohibuit,</strong></span> <span class='ocrx_word' id='word_1_345' title='bbox 1326 4236 1436 4296; x_wconf 87' lang='lat' dir='ltr'><strong>sed</strong></span> <span class='ocrx_word' id='word_1_346' title='bbox 1476 4237 1788 4316; x_wconf 70' lang='lat' dir='ltr'><strong>praeterea</strong></span> <span class='ocrx_word' id='word_1_347' title='bbox 1826 4233 2056 4311; x_wconf 87' lang='lat' dir='ltr'><strong>insigni</strong></span> <span class='ocrx_word' id='word_1_348' title='bbox 2093 4229 2338 4301; x_wconf 77' lang='lat' dir='ltr'><strong>fraude,</strong></span> <span class='ocrx_word' id='word_1_349' title='bbox 2371 4234 2434 4289; x_wconf 90' lang='lat' dir='ltr'><strong>et</strong></span> <span class='ocrx_word' id='word_1_350' title='bbox 2474 4227 2682 4288; x_wconf 91' lang='lat' dir='ltr'><strong>incre-</strong></span> 
     </span>
     <span class='ocr_line' id='line_1_40' title="bbox 332 4313 2686 4412; baseline -0.004 -18"><span class='ocrx_word' id='word_1_351' title='bbox 332 4332 509 4394; x_wconf 86' lang='lat' dir='ltr'><strong>dibili</strong></span> <span class='ocrx_word' id='word_1_352' title='bbox 539 4313 830 4412; x_wconf 83' lang='lat' dir='ltr'><strong>perfidia,</strong></span> <span class='ocrx_word' id='word_1_353' title='bbox 856 4340 917 4394; x_wconf 87' lang='lat' dir='ltr'><strong>et</strong></span> <span class='ocrx_word' id='word_1_354' title='bbox 948 4334 1280 4395; x_wconf 83' lang='lat' dir='ltr'><strong>manifesta</strong></span> <span class='ocrx_word' id='word_1_355' title='bbox 1310 4333 1635 4406; x_wconf 83' lang='lat' dir='ltr'><strong>violentia,</strong></span> <span class='ocrx_word' id='word_1_356' title='bbox 1659 4332 1978 4411; x_wconf 85' lang='lat' dir='ltr'><strong>totiusque</strong></span> <span class='ocrx_word' id='word_1_357' title='bbox 2008 4326 2340 4410; x_wconf 89' lang='lat' dir='ltr'><strong>potestatis</strong></span> <span class='ocrx_word' id='word_1_358' title='bbox 2372 4345 2502 4388; x_wconf 84' lang='lat' dir='ltr'><strong>suae</strong></span> <span class='ocrx_word' id='word_1_359' title='bbox 2533 4323 2686 4385; x_wconf 88' lang='lat' dir='ltr'><strong>viri-</strong></span> 
     </span>
     <span class='ocr_line' id='line_1_41' title="bbox 330 4422 2682 4506; baseline -0.004 -15"><span class='ocrx_word' id='word_1_360' title='bbox 330 4432 468 4506; x_wconf 80' lang='lat' dir='ltr'><strong>buS,</strong></span> <span class='ocrx_word' id='word_1_361' title='bbox 504 4430 697 4492; x_wconf 86' lang='lat' dir='ltr'><strong>etiam</strong></span> <span class='ocrx_word' id='word_1_362' title='bbox 740 4431 984 4492; x_wconf 80' lang='lat' dir='ltr'><strong>nefaria</strong></span> <span class='ocrx_word' id='word_1_363' title='bbox 1021 4432 1331 4494; x_wconf 89' lang='lat' dir='ltr'><strong>bonorum</strong></span> <span class='ocrx_word' id='word_1_364' title='bbox 1365 4429 1700 4492; x_wconf 87' lang='lat' dir='ltr'><strong>hominum</strong></span> <span class='ocrx_word' id='word_1_365' title='bbox 1743 4428 2151 4505; x_wconf 88' lang='lat' dir='ltr'><strong>contumelia,</strong></span> <span class='ocrx_word' id='word_1_366' title='bbox 2180 4432 2242 4487; x_wconf 88' lang='lat' dir='ltr'><strong>et</strong></span> <span class='ocrx_word' id='word_1_367' title='bbox 2285 4422 2682 4505; x_wconf 84' lang='lat' dir='ltr'><strong>spoliatione,</strong></span> 
     </span>
    </p>
   </div>
  </div>
 </body>
</html>
