3131 5145
1545 451 1867 541 „34-

1058 679 1282 696 ..........
1317 642 1436 696 Une
1464 640 1725 697 doctrine
1754 643 1971 707 armee,

817 720 902 775 Un
931 718 1122 775 Christ
1147 719 1474 792 empistole,
1501 725 1630 776 tout
1654 721 1831 777 noirci
1864 721 1934 777 de
1963 721 2177 789 fumea,

815 799 944 869 Qui,
975 816 1204 856 comme
1236 817 1315 855 un
1346 799 1645 869 uehemet,
1674 818 1748 857 va
1774 804 2007 872 portant
2038 818 2111 857 en
2140 804 2197 857 la
2226 801 2389 856 main

777 946 782 953 ¹
813 882 904 937 Un
931 882 1090 951 large
1119 881 1376 935 cautelas
1400 896 1583 952 rouge
1612 881 1683 936 de
1710 897 1856 953 sang
1882 880 2145 938 humain.

606 1061 852 1123 Primos
883 1060 1074 1122 fuisse
1115 1066 1538 1140 protestantes
1576 1078 1705 1122 non
1746 1060 2151 1121 infitiandum
2202 1066 2297 1121 est
2330 1061 2441 1140 qui
2473 1061 2874 1141 tyrannicidii

525 1160 880 1223 doctrinam
920 1166 982 1221 et
1018 1158 1312 1220 laudibus
1351 1157 1695 1219 extulerint
1732 1165 1795 1219 et
1840 1158 1925 1220 ad
1963 1158 2259 1220 effectum
2306 1159 2689 1239 redegerint.
2730 1160 2875 1221 Post

523 1257 962 1319 vassiacenam
993 1256 1336 1329 lanienam,
1365 1256 1713 1317 saevissima
1742 1256 1889 1317 odia
1917 1256 1983 1317 in
2007 1256 2233 1318 ducem
2264 1257 2551 1318 Guisium
2580 1263 2869 1333 aestuare,

522 1362 586 1417 et
613 1353 904 1416 factionis
933 1352 1386 1415 infensissimus
1428 1352 1694 1433 quisque
1734 1354 1949 1414 fautor
1978 1355 2119 1433 jam
2160 1359 2291 1413 tum
2342 1353 2701 1415 necandum
2741 1373 2872 1417 esse

520 1461 861 1535 tyrannum
893 1458 1028 1512 tota
1054 1458 1262 1513 mente
1292 1452 1548 1513 tendere
1578 1451 1941 1530 favereque,
1976 1470 2101 1513 non
2129 1451 2381 1530 quidem
2414 1450 2525 1511 illa
2561 1470 2715 1513 nece
2748 1471 2874 1532 qua

520 1550 702 1613 miles
739 1549 1004 1611 militem
1039 1549 1102 1609 in
1141 1549 1413 1611 honesto
1455 1549 1801 1609 certamine
1839 1548 2169 1626 interimit,
2210 1549 2318 1609 sed
2364 1549 2539 1610 omni
2594 1550 2872 1627 qualibet

519 1649 766 1710 ratione
805 1652 866 1707 et
903 1646 1116 1707 modo.
1164 1647 1454 1708 Cruentis
1495 1646 1777 1707 moribus
1836 1645 2247 1707 Hebraeorum
2301 1646 2505 1724 magis
2546 1648 2871 1727 magisque

519 1746 783 1809 cedebat
811 1743 980 1823 apud
1011 1744 1374 1805 calvinistes
1405 1744 1732 1823 Evangelii
1758 1763 1957 1805 mens.
1984 1743 2161 1805 Multi
2186 1745 2359 1805 fuere
2380 1744 2491 1825 qui
2512 1744 2874 1807 evolvendis

519 1843 754 1907 sanctis
784 1842 1123 1923 Scripturis
1152 1842 1530 1903 inflammati
1570 1850 1635 1903 et
1676 1842 1987 1904 obcaecati
2024 1842 2372 1903 destinatos
2413 1860 2547 1903 sese
2585 1842 2873 1905 credide-

519 1943 650 2005 rint
679 1940 760 2003 ad
789 1938 1190 2021 excipiendas
1217 1939 1356 2000 Aod
1380 1940 1478 2000 vel
1513 1942 1548 2000 J
1555 1939 1699 2000 ahel
1744 1944 1977 2019 partes.
2011 1939 2209 2000 Multa
2241 1938 2507 2000 consilia
2542 1938 2703 1999 inita
2740 1938 2869 2001 fue·

517 2045 662 2100 rant
691 2057 804 2099 nec
836 2043 1110 2118 patrata,
1145 2055 1337 2116 quum
1379 2037 1749 2098 Franciseus
1778 2036 2027 2098 Guisius
2058 2055 2099 2098 a
2125 2035 2436 2097 Politroto
2470 2036 2631 2097 ictus
2669 2041 2871 2097 morte

519 2135 853 2209 occubuit,
911 2142 1056 2196 ante
1113 2134 1418 2215 oppidum
1474 2135 1925 2197 Aurelianense
1982 2136 2155 2215 quod
2215 2140 2364 2194 tunc
2416 2133 2829 2196 obsidebatur
2850 2182 2866 2209 ‚

517 2236 674 2295 1563
704 2253 894 2295 anno.
2163 2238 2167 2244 '

592 2332 688 2393 Ad
719 2330 1007 2392 auditum
1043 2336 1236 2391 tantae
1275 2330 1468 2391 caedis
1509 2331 1827 2406 nuntium,
1856 2330 2153 2392 catholici
2192 2329 2538 2391 exanimati
2572 2329 2873 2409 lugubria

511 2429 773 2490 induere
803 2430 1180 2490 vestimenta
1207 2438 1269 2489 et
1295 2429 1374 2490 ad
1403 2429 1898 2490 internecionem
1930 2428 2341 2490 trucidandos
2371 2446 2505 2489 esse
2535 2428 2869 2489 haereticos

511 2528 826 2607 irrogare;
855 2532 1282 2606 protestantes
1309 2532 1530 2588 contra
1559 2545 1638 2588 ex
1673 2526 1997 2588 Aureliani
2036 2526 2235 2588 muris
2270 2526 2539 2606 jamjam
2585 2524 2870 2589 liberatis

513 2625 732 2686 ovanti
771 2623 1048 2684 clamore
1086 2623 1370 2687 laetitiam
1410 2624 1767 2702 significare
1817 2630 1881 2684 et
1930 2643 2129 2685 novas
2162 2624 2439 2685 saevitias
2477 2623 2780 2684 minitari.
2814 2627 2869 2683 A
2964 2656 2969 2660 ·

511 2720 1010 2802 protestantibus
1045 2721 1388 2782 Politrotus
1425 2740 1567 2782 cum
1615 2723 1808 2783 Bruto
1851 2722 2259 2802 componitur
2310 2719 2725 2800 Scaevolaque
2760 2722 2875 2796 vel,

511 2820 708 2881 David
755 2819 863 2898 qui
918 2818 1164 2879 Goliam
1215 2811 1873 2880 occiditXCalviniani
1924 2820 2265 2900 scriptores
2317 2819 2869 2880 circumstantium

510 2916 800 2977 ardorem
843 2921 906 2976 et
941 2915 1263 2994 impetum·
1287 2915 1482 2976 secuti
1521 2915 1659 2977 caeli
1700 2919 1943 2994 regiam
1984 2917 2075 2977 illi
2121 2917 2253 2977 sine
2293 2914 2438 2976 ullis
2488 2915 2872 2994 ambagibus

503 3013 825 3095 aperiunt,
859 3013 1098 3074 factum
1130 3017 1198 3072 ut
1234 3012 1560 3074 heroicum
1606 3015 1979 3092 praedicant,
2011 3021 2074 3075 et
2116 3033 2355 3075 corona
2398 3031 2529 3074 non
2566 3013 2758 3075 modo
2800 3014 2871 3073 in

506 3111 694 3173 terris
733 3108 1011 3186 gloriosa
1047 3109 1252 3188 qualis
1299 3111 1601 3170 Romanis
1638 3111 1905 3172 ducibus
1945 3118 2092 3192 post
2120 3111 2453 3172 victoriam
2484 3111 2676 3171 tribui
2708 3111 2873 3172 sole-

505 3210 638 3282 bat,
672 3209 778 3269 scd
810 3209 1000 3270 etiam
1025 3209 1087 3268 in
1118 3208 1288 3270 caelis
1313 3215 1550 3270 oeterna
1630 3209 1835 3270 nalem
1862 3209 2145 3270 Christus
2178 3211 2306 3271 suis
2344 3209 2735 3288 martyribus
2766 3229 2871 3272 re-

498 3307 742 3387 pendit,
775 3307 1037 3386 dignum
1083 3307 1534 3390 pronuntiant—3,
1601 3308 1768 3368 idem
1810 3309 2092 3370 Guisium
2134 3308 2202 3369 in
2243 3307 2476 3368 inferos
2516 3307 2871 3368 detrudunt

499 3404 920 3484 conviciisque
951 3405 1362 3478 insectantur,
1395 3405 1735 3485 proditoris
1781 3425 1925 3468 eum
1968 3407 2349 3487 tyrannique
2396 3405 2653 3466 nomine
2698 3406 2864 3466 infa-

506 3509 775 3563 manteS.
809 3555 816 3563 .
1561 3579 1564 3584 Ι

580 3588 854 3678 Igitura
893 3601 1386 3680 protestantibus
1427 3601 1671 3664 decimo
1722 3611 1897 3665 sexto
1954 3604 2171 3666 seculo
2228 3601 2449 3681 primis
2506 3601 2863 3680 legitimam

497 3696 780 3758 habitam
811 3697 1001 3759 fuisse
1032 3697 1265 3758 caedem
1294 3698 1449 3759 nulli
1478 3699 1921 3772 dubitandum.
1957 3704 2253 3763 Ceterum
2288 3699 2582 3761 catholici
2617 3700 2683 3760 in
2710 3718 2864 3780 pos-

499 3803 702 3856 terum
731 3794 890 3855 nihil
917 3795 1042 3856 illis
1071 3795 1191 3857 hac
1221 3796 1298 3857 de
1323 3816 1388 3858 re
1410 3798 1687 3878 impares
1722 3801 1923 3862 fuere.
2666 3783 2675 3790 ,
