3131 5145
525 610 750 670 gorum
806 591 994 651 medii
1035 590 1177 668 aevi,
1239 591 1464 670 quibus
1513 593 1750 672 pariter
1798 599 1860 654 et
1902 590 2212 652 Catholici
2254 596 2317 651 et
2358 589 2707 651 Reformati
2748 608 2893 651 sese

527 688 812 748 addictos
842 707 971 750 esse
1001 688 1374 768 praedicant.
1403 726 1410 732 ·
2820 683 2829 686 ’

606 785 1100 848 Sacerdotalium
1137 779 1569 846 doctrinarum
1615 787 1895 848 fautores
1938 805 2187 865 semper
2232 785 2567 866 Scripturae
2610 784 2892 846 auctori-

525 889 718 944 tatem
763 901 894 963 prae
943 901 1006 943 se
1057 882 1338 942 tulerunt
1381 901 1419 942 a
1467 902 1593 963 quo
1631 883 1806 944 fonte
1867 883 2215 963 praesertim
2275 881 2478 942 oritur
2529 880 2883 943 christiana

522 969 1048 1060 societas.lApud
1101 978 1400 1041 Hebraeos
1448 998 1659 1040 rerum
1707 980 2106 1059 publicarum
2156 999 2366 1041 mores
2404 986 2467 1040 et
2512 979 2806 1040 instituta
2850 999 2887 1038 e

523 1079 823 1158 religione
862 1078 1256 1139 ducebantur
1313 1079 1657 1138 secundum
1711 1081 1948 1139 Moseas
1992 1079 2184 1156 leges,
2235 1077 2526 1139 Liberam
2584 1077 2754 1137 enim
2822 1084 2889 1138 et

521 1177 800 1257 quodam
843 1175 1031 1236 modo
1063 1175 1158 1235 sui
1190 1174 1353 1254 juris
1392 1175 1712 1236 habebant
1747 1176 2091 1252 civitatem,
2139 1175 2245 1236 sed
2288 1177 2417 1236 Deo
2458 1174 2779 1235 addictam
2823 1181 2890 1235 et

521 1274 988 1335 inservientem.
1034 1275 1341 1353 Suprema
1372 1274 1714 1334 auctoritas
1753 1293 1944 1354 penes
1982 1276 2203 1347 Deum,
2239 1292 2435 1333 unum
2475 1291 2687 1333 rerum
2720 1271 2891 1332 arbi-

523 1379 715 1450 trum,
742 1391 938 1432 unum
972 1390 1182 1450 regem
1208 1377 1268 1431 et
1305 1372 1438 1449 agri
1460 1373 1812 1432 dominum.
1840 1373 1995 1432 Cum
2021 1373 2151 1432 Deo
2180 1371 2451 1451 populus
2473 1378 2696 1449 pactus
2718 1377 2885 1442 erat,

522 1471 774 1550 auspice
819 1471 982 1530 Mose
1026 1487 1040 1531 ε
1085 1469 1188 1530 1116
1229 1470 1587 1550 petentibus
1625 1469 1793 1549 leges
1828 1471 2110 1542 dederat,
2153 1469 2258 1530 ille
2303 1488 2552 1549 semper
2588 1469 2653 1528 in
2693 1469 2887 1529 rebus

521 1568 816 1648 gravibus
854 1567 1304 1628 consulebatur
1331 1575 1392 1628 et
1423 1587 1727 1647 responsa
1769 1568 1962 1629 dabat
2005 1586 2119 1648 per
2157 1586 2477 1628 summum
2512 1566 2883 1646 pontificem

517 1665 645 1724 sive
672 1664 1038 1745 prophetas,
1070 1665 1168 1723 Ita
1197 1663 1450 1742 quidem
1480 1683 1577 1724 res
1608 1683 1741 1724 sese
1773 1664 1936 1742 gerit
1966 1684 2003 1724 a
2041 1666 2206 1724 Mose
2238 1682 2435 1744 usque
2470 1663 2552 1724 ad
2592 1683 2794 1741 reges.

601 1765 679 1822 At
710 1781 904 1841 quum
931 1762 997 1821 in
1027 1780 1290 1840 regnum
1323 1761 1681 1841 respublica
1706 1763 2043 1822 immutata
2073 1768 2188 1839 est,
2213 1781 2341 1822 non
2377 1767 2586 1822 tamen
2615 1762 2883 1824 omnino

521 1879 560 1920 a
586 1860 971 1920 theocratica
1003 1859 1207 1938 specie
1250 1859 1527 1921 deflexit.
1561 1861 1726 1920 Deus
1756 1859 1923 1920 enim
1966 1877 2177 1936 regem
2220 1859 2457 1938 deligit,
2487 1859 2881 1920 internuntio

521 1959 834 2029 Samuele,
889 1958 998 2036 qui
1048 1957 1359 2018 delectum
1403 1957 1699 2036 ungendo
1752 1965 2109 2040 consecrat;
2156 1958 2325 2018 idem
2372 1965 2433 2018 et
2472 1958 2881 2038 praecipiente

518 2058 646 2117 Deo
676 2055 824 2117 Saiil
857 2055 1031 2134 regia
1061 2054 1365 2132 dignitate
1395 2055 1730 2134 indignum
1762 2056 1977 2134 dejicit
2004 2062 2063 2116 et
2104 2075 2340 2117 novum
2380 2075 2595 2134 regem
2635 2055 2702 2114 in
2742 2055 2881 2134 ejus

519 2154 731 2215 locum
777 2153 1103 2230 subrogat.
1150 2152 1446 2224 Quamvis
1486 2153 1675 2213 latius
1715 2153 1775 2212 in
1818 2154 1951 2214 dies
1988 2172 2169 2230 reges
2212 2154 2654 2214 auctoritatem
2696 2173 2879 2214 suam
2966 2149 2973 2156 ’

519 2251 884 2330 expandant
937 2256 1000 2311 et
1055 2250 1131 2311 ad
1183 2251 1364 2311 frena
1411 2251 1850 2330 abrumpenda
1900 2257 2229 2324 conentur,
2280 2269 2610 2330 nunquam
2660 2257 2877 2311 tamen

519 2349 778 2410 omnino
818 2347 928 2408 Dei
970 2348 1463 2409 dominationem
1505 2367 1855 2410 excussere.
1891 2349 2237 2410 Immotum
2276 2354 2337 2410 et
2378 2349 2694 2428 integrum
2727 2367 2877 2429 per-

521 2453 732 2507 manet
765 2445 872 2524 jus
911 2445 1217 2507 divinum.
1251 2447 1372 2507 Per
1410 2465 1533 2522 me,
1569 2446 1777 2526 inquit
1806 2447 1993 2520 DeuS,
2036 2465 2215 2525 reges
2254 2451 2521 2524 regnant
2561 2453 2624 2506 et
2659 2446 2874 2526 legum

522 2545 876 2607 conditores
901 2545 1076 2625 justa
1101 2544 1448 2605 decernunt
1478 2545 1522 2606 ¹.
1557 2544 1652 2605 Ad
1679 2545 1799 2606 1106
1830 2551 2011 2605 extra
2040 2543 2397 2605 sacerdotes
2434 2549 2496 2605 et
2530 2544 2873 2622 collegium

521 2661 696 2703 more
726 2641 1006 2721 legitimo
1037 2642 1448 2703 constitutum
1479 2661 1729 2723 semper
1756 2643 1932 2704 fuere
1962 2643 2071 2723 qui
2101 2642 2314 2703 divina
2344 2647 2551 2702 mente
2594 2642 2875 2703 instincti

521 2758 710 2821 seque
768 2759 806 2799 a
859 2741 986 2800 Deo
1045 2740 1272 2800 missos
1325 2740 1776 2818 praedicantes,
1832 2758 1947 2801 1166
2003 2740 2201 2800 ullum
2266 2740 2543 2799 muneris
2608 2739 2875 2820 injuncti

519 2839 770 2916 signum
796 2837 1161 2897 exhibentes
1190 2856 1400 2916 regem
1435 2844 1761 2898 monerent
1792 2838 2051 2917 ejusque
2084 2838 2416 2899 ambitioni
2445 2837 2624 2899 frena
2649 2838 2874 2900 subde-

522 2942 658 2996 rent
695 2957 707 2994 :
739 2935 1068 3015 prophetae
1100 2935 1357 3013 scilicet,
1393 2935 1613 3016 populi
1644 2937 2055 3015 repugnantis
2094 2936 2276 3015 quasi
2315 2936 2592 2997 fautores
2630 2943 2694 2997 ct
2734 2955 2870 2998 ma-

521 3033 719 3113 gistri,
764 3032 871 3112 qui
910 3040 1187 3094 ceterum
1228 3038 1452 3094 contra
1493 3034 1801 3113 populum
1842 3052 2019 3113 aeque
2064 3052 2138 3094 ac
2184 3040 2406 3094 contra
2452 3052 2663 3111 regem
2706 3054 2870 3114 saepe

521 3130 780 3191 infestos
829 3148 962 3190 sese
1013 3129 1354 3190 habebant.
1399 3118 1584 3208 Apud
1625 3129 1925 3191 Hebraeos
1965 3148 2156 3210 quam
2203 3130 2545 3210 saepissime
2587 3136 2874 3211 patratur

522 3227 1015 3307 tyrannicidium
1057 3228 1373 3308 etiamque
1410 3229 1839 3290 internecione
1876 3236 2093 3307 gentes
2129 3230 2321 3306 regiae
2362 3233 2867 3309 prosternuntur.

521 3325 655 3386 Dici
706 3330 912 3405 potest
960 3325 1445 3405 tyrannicidium
1494 3327 1786 3387 habitum
1829 3346 1958 3387 esse
2004 3326 2312 3403 regnandi
2360 3325 2866 3389 instrumentum.

523 3423 639 3485 Ubi
689 3424 850 3484 Deus
888 3422 951 3482 in
1001 3442 1146 3501 rege
1195 3424 1454 3485 offendit
1504 3444 1693 3505 quem
1740 3425 2019 3505 praefecit
2061 3424 2322 3505 populo,
2374 3423 2440 3483 in
2485 3443 2629 3484 eum
2678 3425 2870 3485 inter-

520 3522 822 3582 fectorem
871 3521 1209 3600 quemdam
1259 3523 1549 3595 suscitat;
1597 3522 1704 3582 ubi
1758 3521 2064 3602 populum
2112 3522 2251 3582 vult
2296 3521 2376 3582 ab
2424 3521 2653 3583 infesto
2693 3521 2870 3584 hoste

525 3619 817 3695 liberare,
850 3619 1003 3679 item
1036 3620 1114 3678 ad
1147 3619 1380 3680 caedem
1411 3619 1713 3680 decurrit.

603 3718 673 3776 In
701 3716 818 3777 hac
846 3723 1026 3796 parte
1058 3716 1252 3776 thesis
1282 3724 1513 3777 nostrae
1545 3723 1607 3777 et
1636 3718 1699 3776 in
1726 3716 2107 3797 quibusdam
2135 3717 2298 3791 aliis,
2322 3716 2399 3777 de
2432 3723 2660 3777 natura
2686 3716 2869 3794 regiae

523 3813 914 3875 auctoritatis
955 3814 1306 3884 scribimus,
1350 3814 1496 3894 quia
1539 3814 1850 3875 nonnulla
1873 3814 1975 3892 ,illi
2017 3822 2077 3875 et
2118 3814 2522 3896 tyrannicidii
2568 3813 2869 3875 doctrinae

525 3912 887 3973 communia
925 3913 1240 3973 videntur.
1286 3915 1488 3985 Quum
1526 3914 1695 3973 enim
1740 3932 1848 3974 rex
1898 3920 2259 3993 temperans
2303 3911 2611 3991 delegatae
2661 3918 2868 3992 potes-

525 4013 672 4070 tatis
711 4012 898 4090 viget‚
935 4029 1075 4071 eam
1107 4012 1277 4090 apud
1318 4030 1407 4088 se,
1443 4015 1761 4071 annuente
1791 4012 2056 4091 populo,
2090 4010 2316 4072 retinet
2356 4028 2369 4071 :
2400 4028 2597 4089 quum
2636 4017 2867 4080 autem,

526 4108 836 4186 perversis
867 4114 1109 4168 naturae
1143 4109 1472 4188 gentisque
1505 4107 1772 4188 legibuS‚
1808 4127 1919 4169 rex
1962 4114 2335 4188 potestatem
2380 4125 2560 4167 suam
2588 4106 2657 4166 in
2696 4106 2868 4167 dam-

527 4222 677 4264 num
718 4205 961 4285 populi,
1013 4224 1140 4266 non
1181 4205 1245 4265 in
1286 4205 1553 4267 salutem
1606 4212 1876 4280 exercet,
1906 4206 2027 4268 hoc
2065 4206 2274 4267 ferunt
2304 4205 2580 4283 graviter
2616 4203 2783 4265 cives
2814 4211 2869 4265 et

594 4421 640 4467 1.
667 4417 817 4467 Liber
843 4418 1260 4475 Proverbiorum,
1295 4432 1341 4468 e.
1368 4432 1480 4478 vm,
1508 4421 1585 4468 15.
