3131 5145
1061 1292 1370 1367 CAPUT
1431 1292 1895 1379 QUARTUM

401 1586 491 1634 DE
543 1584 1014 1635 TYRANNICIDIO
1065 1586 1240 1635 APUD
1294 1586 1641 1652 ERASMUM,
1700 1586 2091 1635 STEPHANUM
2142 1588 2526 1637 BOETIANUM

1218 1686 1297 1733 ET
1349 1684 1723 1733 MONTANUM

337 1925 756 2007 ,Indagemus
810 1924 1084 2005 primum
1127 1945 1250 2006 quo
1301 1926 1491 1987 modo
1543 1932 1915 1988 renovatum
1964 1926 2317 1987 litterarum
2366 1930 2641 1989 studium

295 2022 619 2084 induxerit
651 2022 713 2081 in
750 2022 968 2083 doctos
1010 2022 1181 2083 viros
1219 2041 1453 2083 novam
1494 2023 1840 2103 quamdam
1873 2023 2198 2103 judicandi
2238 2030 2301 2085 et
2339 2024 2649 2086 sentiendi

294 2121 606 2182 rationem
660 2119 737 2179 de
791 2138 1014 2197 regum
1074 2120 1599 2199 subditorumque
1662 2121 1918 2200 politico
1971 2121 2135 2200 jure,
2198 2140 2537 2201 sensusque
2590 2130 2651 2185 et

289 2237 501 2280 sermo
541 2220 972 2279 Romanorum
1013 2217 1573 2279 Atheniensiumve
1614 2220 1909 2299 usurpari
1948 2225 2011 2279 et
2046 2220 2413 2298 pertrectari
2444 2240 2646 2301 coepe-

293 2317 442 2378 rint.

371 2416 422 2473 A
456 2414 681 2473 litteris
730 2412 1204 2475 renascentibus
1241 2413 1565 2474 informati
1612 2421 1760 2474 sunt
1801 2414 2093 2475 liberales
2132 2421 2194 2476 et
2232 2416 2519 2493 generosi
2556 2416 2649 2476 illi

289 2512 427 2586 viri,
462 2512 572 2593 qui
603 2529 802 2572 novas
842 2510 1022 2591 quasi
1053 2511 1186 2571 vias
1216 2517 1602 2592 aperuerunt
1634 2518 1695 2571 et
1733 2512 2101 2591 singillatim
2132 2532 2203 2574 ac
2238 2532 2353 2594 pro
2390 2533 2453 2574 se
2482 2513 2649 2594 quis-

290 2628 413 2690 que
439 2609 699 2670 infensis
729 2609 922 2670 armis
949 2608 1400 2670 lacessiverunt
1429 2609 1841 2671 institutionis
1871 2610 2140 2690 publicae
2173 2611 2348 2687 vitia,
2374 2617 2652 2673 exsortes

293 2713 509 2768 tamen
541 2706 822 2768 remedia
850 2707 1250 2785 suggerendi.
1286 2708 1457 2768 Inter
1491 2726 1650 2786 quos
1689 2710 2005 2783 Erasmus,
2043 2709 2152 2787 qui
2191 2727 2364 2769 acres
2399 2708 2651 2770 aculeos

291 2805 629 2866 intendens
679 2803 980 2866 audacter
1027 2803 1186 2864 nihil
1230 2823 1358 2866 non
1405 2805 1769 2866 insectatur.
1815 2804 2043 2867 Dolore
2090 2811 2153 2866 et
2204 2806 2298 2866 ira
2341 2806 2652 2867 aestuabat

218 2951 224 2956 .
290 2920 472 2963 mens
499 2902 634 2981 ejus
663 2920 860 2980 quum
906 2901 1196 2963 homines
1225 2908 1286 2962 et
1327 2902 1387 2962 vi
1421 2907 1484 2963 et
1521 2902 1682 2963 dolis
1724 2920 2059 2982 oppressos
2096 2902 2357 2976 videret,
2404 2902 2648 2964 felicem

293 2999 488 3060 etiam
521 3006 814 3059 eventum
848 3018 962 3079 pro
986 2999 1162 3077 justo
1193 2999 1483 3060 habitum
1521 3005 1584 3060 et
1612 3000 1679 3060 in
1708 3000 1863 3077 legis
1898 3000 2249 3060 communis
2278 3000 2486 3060 locum
2521 3001 2649 3081 pris

288 3095 525 3175 vilegia
572 3095 762 3173 vulgo
807 3094 1046 3158 habita.
1086 3097 1286 3158 Acuto
1337 3104 1398 3158 et
1447 3097 1713 3158 ferventi
1760 3097 1923 3178 stylo
1974 3097 2311 3176 aequalium
2365 3098 2649 3159 miserias

289 3193 639 3272 effingebat
660 3199 720 3253 et
748 3193 811 3252 in
846 3193 1188 3254 maximam
1221 3201 1469 3273 partem
1499 3194 1799 3255 invidiam
1832 3195 2155 3272 rejiciebat
2181 3195 2244 3254 in
2276 3214 2497 3274 regum
2527 3196 2644 3255 ini-

289 3291 624 3370 quitatem.
659 3289 781 3350 Sed
811 3308 936 3350 non
969 3289 1136 3350 ultra
1165 3309 1359 3372 quam
1389 3291 1815 3352 incusationes
1854 3297 1916 3352 et
1955 3299 2210 3372 questus
2240 3292 2641 3372 procedebat.

373 3386 684 3459 Quocirca
710 3386 776 3446 in
805 3386 1167 3447 evolvendis
1195 3386 1458 3466 Adaqiz's
1490 3387 1506 3422 ¹
1542 3405 1844 3464 magnum
1884 3406 2095 3466 operae
2136 3387 2428 3467 pretium.
2461 3390 2645 3467 Inge-

288 3484 422 3544 nita
494 3483 836 3544 verborum
898 3483 1221 3561 facultate,
1279 3502 1472 3563 quam
1538 3483 1861 3564 aptissime
1924 3484 2217 3544 dixerunt
2277 3484 2645 3545 [luminosas

291 3580 641 3642 disserendi
681 3581 904 3656 undaS,
939 3580 1455 3660 amplificationis
1485 3581 1859 3642 immensam
1898 3581 2271 3658 ubertatem,
2308 3581 2374 3641 in
2420 3582 2646 3660 adagio

290 3679 391 3739 cui
421 3677 785 3739 inscribitur
818 3677 1014 3740 Frons
1045 3679 1331 3759 occipitio
1374 3679 1552 3759 prior
1596 3681 1639 3753 ²,
1687 3699 1813 3758 quo
1854 3679 2163 3758 significat
2203 3679 2426 3758 cuique
2464 3698 2643 3740 suum

289 3795 424 3838 esse
475 3777 817 3854 agendum,
869 3765 1116 3838 summa
1174 3777 1238 3837 vi
1283 3777 1345 3837 in
1395 3796 1575 3855 reges
1624 3777 1991 3838 invehitur:
2038 3801 2069 3833 «
2120 3777 2278 3848 Quin
2326 3791 2543 3837 omnes
2586 3784 2647 3837 et

289 3879 574 3936 veterum
611 3879 674 3934 et
714 3874 1174 3936 neotericorum
1216 3875 1477 3935 annales
1518 3875 1759 3949 evolve,
1806 3875 2101 3934 nimirum
2142 3875 2233 3934 ita
2276 3874 2643 3953 comperieS,

291 3972 392 4034 vix
427 3971 656 4033 seculis
695 3972 937 4052 aliquot
976 3974 1170 4033 unum
1213 3979 1322 4033 aut
1361 3972 1630 4032 alterum
1664 3972 1941 4033 extitisse
1984 3971 2329 4052 principem
2372 3971 2481 4050 qui
2520 3989 2647 4040 non

288 4069 522 4148 insigni
561 4068 832 4130 stultitia
873 4069 1216 4130 maximam
1257 4069 1599 4150 perniciem
1640 4069 1947 4130 invexerit
1982 4069 2166 4129 rebus
2205 4068 2499 4129 humanis
2516 4113 2642 4128 .....

348 4289 392 4335 1.
445 4286 754 4334 Ammonum
801 4281 1060 4333 chiliades
1095 4285 1325 4347 quatuor
1375 4297 1494 4332 cum
1542 4281 1974 4347 sesquicenluria,
2020 4281 2217 4342 in·t'ol.‚
2264 4281 2393 4331 edit.
2447 4282 2649 4331 Robert

283 4357 566 4416 Estienne‚
602 4355 742 4404 1558.

341 4430 390 4476 2.
425 4426 694 4478 Chiliadis
719 4425 918 4489 prim,
951 4425 1199 4476 centuria
1227 4423 1474 4474 secunda.
