3131 5145
1470 480 1796 543 ...52-

448 622 721 689 tantum,
750 616 856 677 sed
886 614 1075 676 etiam
1108 632 1375 693 corpora
1396 613 1624 675 civium
1657 632 1773 673 sua
1801 612 1974 674 ducit
1983 658 2102 675 .....
2139 612 2240 674 hic
2274 612 2430 674 nihil
2463 632 2501 675 a
2531 613 2794 688 civihm,

446 714 567 777 nisi
604 714 857 795 publica
895 718 1116 792 urgeat
1146 712 1481 773 necessitas
1522 711 1738 787 exigit,
1767 710 1873 772 ille
1915 711 2146 773 civium
2177 712 2554 791 sanguinem
2577 712 2798 789 ebibit,

446 832 589 876 ossa
615 811 913 889 corrodit,
942 810 1247 871 medullas
1274 809 1463 871 etiam
1488 807 1740 869 nudatis
1771 808 2017 870 ossibus
2039 810 2255 888 exugit
2260 856 2382 872 .....
2409 817 2472 871 et
2499 809 2603 871 hic
2621 810 2800 871 vivus

446 916 507 973 et
548 916 833 971 mortuus
858 908 1205 970 clarissima
1234 907 1523 983 omnium,
1558 924 1710 967 voce
1741 924 1814 967 ac
1853 906 2148 967 laudibus
2179 906 2564 984 cumulatur,
2591 907 2698 968 ille
2737 916 2796 968 et

444 1008 659 1069 vivens
688 1014 752 1068 et
782 1012 1069 1067 mortuus
1098 1004 1455 1067 foedissimis
1486 1004 1892 1076 contumeliis
1921 1023 1995 1064 ac
2026 1004 2252 1065 libellis
2281 1006 2618 1066 laceratur.
2659 1030 2688 1060 »

522 1108 602 1167 Et
630 1124 826 1186 quum
858 1106 920 1163 in
952 1104 1118 1164 hun'c
1149 1103 1358 1163 locum
1389 1102 1596 1163 oratio
1640 1109 1964 1163 auctorem
2002 1108 2286 1163 nostrum
2323 1103 2606 1176 deduxit,
2637 1101 2794 1163 illud

441 1198 692 1265 disserit
718 1201 1021 1275 BodinuS,
1054 1219 1137 1260 an
1164 1200 1331 1261 bono
1359 1200 1493 1260 viro
1524 1199 1712 1261 liceat
1749 1218 1976 1259 manus
2013 1200 2239 1260 afferre
2281 1200 2586 1277 tyrannis,
2619 1201 2790 1261 Jam-

438 1302 574 1381 jam
617 1319 809 1381 supra
856 1298 1183 1360 definitum
1233 1304 1576 1378 tyrannum
1628 1297 1984 1358 accuratius
2031 1295 2330 1358 describit
2380 1295 2480 1357 his
2527 1296 2734 1357 verbis
2771 1316 2789 1358 ε

430 1424 477 1463 ,α
515 1398 790 1478 Tyranni
834 1415 951 1458 vox
994 1396 1237 1473 ignota,
1271 1394 1608 1475 plerosque
1649 1394 1902 1474 impulit
1935 1395 1999 1454 in
2043 1412 2344 1468 errorem,
2389 1400 2450 1455 et
2487 1395 2553 1454 in
2583 1394 2794 1474 perni-

442 1496 600 1558 ciem
657 1494 1013 1574 principum
1070 1492 1414 1553 multorum
1475 1492 1768 1553 armavit.
1820 1491 2080 1571 Proprie
2133 1491 2474 1571 significari
2521 1492 2794 1553 diximus

442 1613 611 1665 eum,
656 1592 763 1671 qui
807 1590 987 1652 sociis
1036 1608 1107 1651 ac
1157 1590 1395 1651 civibus
1437 1589 1675 1662 invitiS,
1717 1610 1848 1652 non
1879 1596 2214 1669 cooptatus
2249 1609 2288 1651 a
2327 1590 2632 1671 principe,
2668 1609 2795 1652 non

442 1691 742 1769 suffragio
772 1687 1017 1769 populi,
1050 1707 1179 1750 non
1200 1694 1389 1762 sorte,
1423 1708 1553 1749 non
1595 1688 1997 1749 haereditario
2021 1687 2188 1767 jure,
2223 1707 2354 1749 non
2388 1690 2792 1759 testament0‚

441 1809 571 1851 non
619 1787 793 1867 justo
850 1786 1261 1865 legitimoque
1310 1785 1502 1853 bello,
1549 1805 1676 1847 non
1735 1785 2042 1863 singulari
2095 1786 2370 1865 quodam
2427 1786 2796 1866 coelestique

442 1886 700 1951 oraculo
727 1890 997 1957 creatus,
1032 1883 1099 1943 in
1126 1882 1585 1963 rempublicam
1617 1882 1870 1961 invasit,
1903 1882 2074 1943 hunc
2102 1882 2272 1960 leges
2299 1890 2360 1943 et
2385 1884 2794 1963 antiquorum

439 1985 677 2064 scripta
699 1981 901 2044 occidi
918 1981 1167 2060 jubent,
1194 1987 1257 2041 et
1277 1981 1558 2040 maxima
1580 1980 1845 2061 praemia
1873 1980 2383 2041 interfectoribus
2401 1988 2794 2060 proponunt,

440 2081 789 2143 nobilitatis
819 2080 1079 2158 inquam
1109 2084 1467 2153 stemmata,
1498 2084 1762 2151 statuaS,
1797 2097 2089 2157 coronaS,
2111 2079 2282 2139 bona
2300 2078 2572 2158 denique
2598 2078 2794 2159 ipsius

441 2178 696 2259 tyranni
732 2198 745 2238 z
784 2196 894 2238 eos
928 2177 1093 2237 enim
1124 2175 1371 2255 patriae,
1392 2176 1492 2236 vel
1521 2182 1590 2236 ut
1619 2177 1944 2237 Cretenses
1972 2177 2323 2255 loquuntur
2357 2176 2604 2237 matriae
2647 2176 2798 2237 libe·

443 2281 683 2336 ratores
712 2293 845 2335 esse
877 2272 1253 2353 judicabant
1260 2318 1381 2334 .....
1414 2275 1545 2334 Hoc
1587 2274 1778 2353 igitur
1804 2273 2003 2334 lixum
2041 2279 2318 2349 maneat,
2352 2292 2499 2333 eum
2530 2273 2610 2333 ab
2657 2275 2794 2333 uni-

440 2374 635 2434 versis
682 2379 745 2433 et
795 2370 1057 2448 singulis
1102 2370 1301 2432 occidi
1352 2370 1573 2444 licere,
1619 2371 1724 2450 qui
1773 2371 1874 2431 vel
1917 2371 2052 2449 regi
2091 2370 2371 2449 legitimo
2410 2375 2793 2450 potestatem

440 2476 840 2549 extorqueat,
874 2470 972 2531 vel
1008 2468 1073 2528 in
1114 2468 1412 2550 populari
1445 2474 1554 2529 aut
1596 2468 1976 2549 optimatum
2011 2475 2202 2543 statu,
2236 2488 2352 2549 pro
2393 2469 2590 2543 socie,
2623 2468 2794 2548 prin-

440 2569 645 2650 cipem
684 2588 747 2629 se
778 2587 892 2628 sua
922 2567 1109 2628 unius
1139 2567 1514 2630 auctoritate
1544 2568 1730 2630 ferat.
1759 2591 1823 2655 »-

520 2668 721 2739 Quum
767 2685 915 2727 vero
953 2664 1185 2727 talibus
1226 2666 1620 2744 argumentis
1662 2651 2013 2727 necandum
2055 2685 2188 2728 esse
2233 2685 2376 2727 eum
2412 2666 2795 2727 asseveravit

442 2765 549 2846 qui
572 2784 686 2845 per
714 2764 842 2827 vim
868 2782 1133 2843 regnum
1166 2764 1590 2844 occupaverit,
1615 2783 1873 2844 prorsus
1898 2765 2105 2845 pergit
2125 2770 2188 2825 et
2209 2764 2524 2825 destinata
2545 2770 2795 2825 secutus

438 2870 630 2943 negat
655 2882 770 2943 pro
797 2869 937 2923 rata
968 2869 1029 2922 et
1059 2861 1341 2940 legitima
1361 2861 1724 2923 assensione
1745 2881 1929 2941 posse
1950 2860 2170 2923 haberi
2196 2861 2458 2922 ulterius
2477 2868 2794 2924 extortam

428 2961 809 3021 electionem
849 2979 1041 3040 quam
1086 2959 1401 3021 vitiaverit
1436 2959 1810 3019 instantium
1859 2965 2252 3020 armatorum
2303 2965 2530 3020 metus.
2573 2983 2604 3015 «
2655 2961 2796 3021 Non

440 3063 646 3137 potest
678 3056 738 3117 id
772 3057 999 3117 civium
1032 3057 1440 3118 consensione
1476 3057 1715 3117 factum
1748 3057 2010 3135 censeri,
2045 3057 2214 3138 quod
2255 3065 2474 3137 erepta
2504 3057 2794 3117 libertate

441 3155 574 3228 fiat,
605 3153 797 3214 etiam
824 3153 875 3213 si
916 3159 1225 3232 tyrannus
1258 3153 1526 3234 supplici
1567 3154 1900 3234 rogatione
1941 3155 2164 3235 populi
2192 3155 2492 3233 suffragia
2527 3160 2741 3236 captet
2775 3175 2788 3212 :

439 3257 510 3313 ut
544 3250 821 3332 Sylla‚...
866 3257 935 3310 ut
963 3250 1193 3322 Caesar,
1206 3295 1328 3310 .....
1374 3256 1435 3311 et
1474 3251 1738 3321 Cosmus
1775 3251 2068 3325 MediceS,
2107 3252 2217 3332 qui
2255 3252 2532 3313 exercitu
2571 3257 2794 3313 coacto

441 3340 582 3428 post
616 3346 961 3408 Alexandri
1000 3347 1343 3428 propinqui
1376 3347 1641 3421 caedem,
1691 3351 1990 3410 Senatum
2031 3349 2568 3424 Florentinorum,
2613 3356 2684 3411 ut
2727 3367 2794 3410 se

440 3445 659 3508 ducem
696 3451 1068 3525 perpetuum
1100 3451 1385 3507 crearent
1424 3445 1658 3526 adegit,
1701 3452 1882 3507 tanta
1922 3447 1988 3508 vi
2032 3452 2490 3508 tormentorum
2537 3447 2794 3524 emissa,

442 3550 510 3604 ut
552 3562 679 3603 non
725 3542 907 3602 aliter
960 3542 1222 3604 Senatus
1279 3563 1407 3604 suae
1454 3562 1527 3604 ac
1577 3543 1804 3605 civium
1861 3544 2047 3604 saluti
2105 3542 2431 3605 consulere
2488 3545 2792 3623 potuerit,

441 3659 630 3718 quam
662 3639 838 3699 ducis
869 3639 1037 3699 illius
1065 3641 1407 3701 creatione.
1440 3665 1472 3696 2>

518 3736 592 3796 In
632 3735 874 3796 lubrico
915 3743 1199 3797 versatur
1227 3738 1494 3818 quaestio
1530 3738 1665 3810 illa,
1699 3739 1750 3799 si
1779 3739 1859 3799 ad
1892 3738 2224 3800 dominum
2254 3744 2498 3818 spectes
2525 3740 2635 3819 qui
2665 3759 2793 3801 non

439 3833 496 3894 vi
526 3833 633 3895 sed
668 3832 881 3894 liberis
912 3834 1223 3912 suffragiis
1252 3841 1316 3896 et
1352 3836 1516 3896 votis
1547 3835 1954 3915 optimatium
1990 3835 2396 3914 occupaverit
2425 3836 2790 3916 imperium,

440 3932 874 4012 posteriusque
896 3951 1183 4012 perverse
1204 3951 1279 3994 eo
1302 3932 1623 4010 abutatur,
1640 3933 2164 4013 civitatemquein
2182 3932 2459 3994 deterius
2471 3933 2790 3996 detrudat.

438 4032 733 4090 Attamen
770 4030 1049 4091 Bodinus
1088 4030 1255 4092 idem
1297 4031 1405 4111 jus
1456 4050 1590 4091 esse
1627 4025 1983 4108 confirmat.
2021 4055 2054 4088 «
2101 4032 2304 4111 Hujus
2345 4030 2792 4112 disputationis

440 4128 759 4207 praecipua
798 4128 1062 4206 quaestio
1094 4135 1210 4206 est,
1240 4127 1315 4190 de
1352 4147 1426 4189 eo
1458 4128 1764 4209 principe,
1801 4129 1910 4206 qui
1941 4127 2037 4188 vel
2070 4128 2372 4206 suffragio
2414 4129 2659 4208 populi,
2693 4129 2790 4190 vel

439 4225 844 4304 optimatum,
879 4225 975 4284 vel
1008 4225 1293 4304 legitima
1320 4226 1735 4299 successione,
1767 4225 1865 4286 vel
1893 4225 2070 4304 justo
2110 4225 2304 4302 bello,
2336 4227 2434 4288 vel
2467 4233 2664 4305 sorte,
2696 4227 2794 4289 vel

438 4323 695 4382 oraculo
732 4321 987 4396 caelesti,
1018 4323 1443 4404 principatum
1487 4324 1776 4405 adeptuS,
1805 4323 1956 4403 jura
1989 4323 2202 4385 divina
2243 4330 2307 4384 et
2345 4324 2631 4385 humana
2660 4345 2795 4405 per-

436 4419 623 4480 vertit
658 4439 671 4478 :
708 4437 787 4478 an
819 4417 1126 4497 ejusmodi
1151 4421 1521 4502 principem,
1546 4418 1980 4501 quiloquendi
2001 4422 2459 4483 consuetudine
2483 4427 2794 4503 tyrannus
