3131 5145
1536 481 1858 544 —60-

520 612 812 685 formati,
858 621 1099 694 quanta
1153 633 1301 675 vero
1360 614 1686 676 alacritate
1727 613 2037 677 Catholici
2078 621 2636 695 permoverentur,
2679 636 2882 697 quum

524 712 936 792 praesagirent
962 712 1097 774 fore
1124 718 1217 786 ut,
1246 719 1500 773 mortua
1528 712 1916 787 Elisabetha,
1951 712 2066 779 sub
2099 713 2403 774 ditionem
2443 719 2505 775 et
2561 720 2884 795 sceptrum

525 807 710 889 Angli
762 808 1246 871 detruderentur
1320 810 1545 889 neptis·
1582 810 1958 871 Guisiorum.
2017 810 2238 890 Itaque
2304 810 2605 872 Politicus
2659 811 2884 873 eodem

524 926 825 969 accensus
854 907 1025 981 odio,
1059 926 1184 987 quo
1211 906 1634 968 miserandam
1667 907 1932 969 Mariam
1974 924 2192 967 omnes
2233 913 2659 987 protestantes
2689 910 2883 969 insec-

525 1006 847 1083 tabantur,
883 1005 1188 1087 exquisite
1214 1004 1424 1086 prodit
1449 1011 1511 1064 et
1532 1004 1821 1065 enuntiat
1846 1023 2039 1084 quam
2059 1004 2470 1065 vehementer
2491 1006 2567 1066 ad
2603 1005 2884 1066 civilium

525 1122 737 1165 rerum
792 1110 854 1165 et
901 1102 1257 1164 divinarum
1307 1102 1642 1163 utilitatem
1693 1102 1937 1163 intersit
1994 1109 2064 1163 ut
2109 1102 2475 1163 Elisabetha
2526 1108 2882 1164 extremum

522 1202 904 1282 supplicium
935 1204 1011 1263 de
1042 1202 1239 1263 Maria
1280 1200 1659 1261 sumendum
1689 1207 1948 1261 statuat.
1984 1204 2180 1262 Nemo
2212 1202 2412 1281 possit
2441 1220 2569 1262 non
2601 1208 2878 1281 stupere,

524 1319 719 1380 quum
745 1301 915 1379 legat
946 1300 1148 1360 virum
1180 1298 1519 1361 honesturn
1550 1302 1614 1359 et
1640 1300 1936 1378 probum,
1965 1299 2095 1361 imo
2125 1299 2400 1375 Gallum,
2424 1300 2669 1361 decimo
2703 1304 2883 1360 sexto

523 1398 747 1460 seculo.
774 1398 886 1458 illa
924 1398 1165 1459 atrocia
1198 1396 1390 1458 verba
1428 1396 1705 1477 potuisse
1743 1396 2029 1457 emittere
2064 1414 2080 1457 ι
2123 1422 2152 1453 «
2186 1398 2235 1457 O
2279 1397 2603 1475 Seigneur,
2636 1396 2883 1458 vit-elle

524 1514 753 1558 encore
794 1502 955 1556 cette
993 1495 1185 1557 fatale
1224 1494 1479 1556 Medae?
1486 1542 1608 1557 .....
1658 1494 1810 1555 Mais
1849 1494 2405 1573 qu'attendent-ils
2441 1514 2542 1557 ces
2581 1492 2886 1574 Anglais‘?

524 1593 638 1673 N'y
664 1593 843 1653 a-t—il
873 1596 1013 1654 ame
1045 1594 1152 1674 qui
1182 1600 1500 1655 remontre
1532 1598 1572 1653 a
1603 1592 1665 1652 la
1693 1592 1863 1653 reine
1898 1598 1960 1653 et
2001 1598 2040 1653 a
2068 1611 2184 1653 son
2215 1594 2451 1654 conseil
2475 1592 2539 1653 la
2577 1593 2884 1654 necessite

526 1690 711 1770 qu'ils
737 1698 849 1752 ont
877 1691 953 1752 de
983 1692 1171 1752 s’oter
1200 1710 1324 1752 une
1353 1691 1499 1751 telle
1528 1690 1713 1772 epine
1743 1691 1827 1751 du
1859 1690 2050 1771 pied‘?
2087 1716 2113 1747 »
2147 1690 2384 1763 Quibus
2405 1692 2658 1771 subjicit
2683 1692 2884 1755 collo·

525 1794 707 1850 cutor
739 1810 751 1849 :
791 1814 822 1847 «
846 1791 899 1850 Il
930 1810 971 1870 y
996 1809 1072 1851 en
1106 1808 1143 1849 a
1173 1789 1281 1849 des
1325 1788 1465 1868 plus
1507 1789 1723 1849 doctes
1757 1793 1822 1849 et
1855 1788 1966 1849 des
2001 1788 2147 1868 plus
2188 1791 2348 1850 zeles
2387 1791 2494 1869 qui
2534 1790 2713 1850 n’ont
2747 1790 2886 1850 rien

524 1887 734 1948 oublie
765 1892 803 1948 a
837 1888 923 1948 lui
952 1888 1087 1948 dire
1113 1906 1223 1947 sur
1258 1905 1358 1947 ces
1388 1893 1778 1963 argumentS,
1813 1886 1974 1947 mais
2013 1886 2076 1948 la
2119 1887 2293 1947 reine
2329 1886 2759 1967 d’Angleterre
2789 1895 2882 1948 est

522 1987 574 2045 si
606 1988 833 2061 bonne,
868 1986 985 2048 elle
1016 1993 1110 2047 est
1135 1991 1274 2046 tant
1305 1984 1508 2064 pleine
1540 1984 1618 2046 de
1656 1986 1971 2046 clemence
2011 1993 2075 2046 et
2110 1986 2186 2047 de
2219 1986 2499 2051 douceur
2532 1986 2761 2066 qu'clle
2803 2005 2884 2046 ne

520 2084 721 2164 prend
752 2084 931 2165 point
957 2085 1033 2146 de
1056 2083 1275 2165 plaisir
1306 2088 1345 2143 a
1368 2083 1506 2144 voir
1531 2101 1743 2143 verser
1771 2081 1828 2145 le
1860 2087 2046 2163 sang!
2090 2109 2116 2139 »
2145 2120 2224 2128 —
2258 2108 2289 2140 «
2322 2084 2536 2157 Quelle
2576 2085 2880 2156 douceur‚

520 2190 702 2243 notre
744 2184 1069 2261 Seigneur,
1112 2189 1173 2243 et
1213 2182 1417 2261 quelle
1452 2182 1772 2243 clemence
1811 2188 1906 2241 est
1941 2182 2228 2243 celle-la!
2277 2207 2305 2238 »
2349 2183 2663 2243 exclamat
2709 2182 2884 2243 Poli-

522 2280 703 2353 ticus„
738 2286 801 2341 et
828 2282 891 2341 in
923 2287 1312 2341 antecessum
1346 2279 1559 2341 Mariae
1589 2279 1968 2359 supplicium
2013 2279 2307 2343 laudibus
2344 2280 2614 2354 extollit,
2643 2281 2817 2360 quod
2846 2299 2884 2341 e

513 2380 659 2459 jure
685 2384 746 2439 et
775 2398 853 2439 ex
878 2378 1087 2441 officio
1108 2377 1483 2438 Elisabethae
1510 2395 1646 2437 esse
1665 2377 2025 2451 contendit3
2051 2396 2433 2457 poenamque
2454 2395 2586 2438 esse
2606 2378 2884 2439 maxime

521 2477 871 2553 legitimam
910 2483 1090 2538 tanta
1131 2476 1440 2555 gravitate
1481 2474 1815 2536 verborum
1852 2474 2208 2550 confirmat,
2254 2476 2384 2536 imo
2426 2476 2874 2551 necessariam,

522 2583 591 2636 ut
614 2575 957 2636 Historicus
981 2595 1045 2635 se
1071 2574 1428 2634 mirandam
1456 2572 1634 2633 illam
1663 2574 2038 2634 sententiam
2071 2572 2364 2644 omnibus
2391 2574 2710 2636 commodi
2756 2593 2878 2654 pu-

518 2667 667 2733 blici
695 2672 1046 2733 fautoribus
1066 2672 1377 2750 spondeat
1404 2671 1862 2732 nuntiaturum.
1889 2673 1960 2732 In
1980 2672 2362 2751 perorando,
2386 2672 2691 2733 Politicus
2719 2671 2882 2736 nihil

517 2771 691 2831 aliud
744 2789 936 2851 quam
990 2769 1352 2830 immaniter
1411 2772 1472 2828 et
1515 2768 1820 2847 indigeste
1880 2769 2166 2846 congerit
2221 2769 2393 2830 locos
2449 2789 2483 2830 e
2543 2768 2884 2850 Scripturis

516 2874 870 2948 excerptOS‚
894 2875 965 2929 ut
991 2868 1102 2928 Dei
1122 2866 1329 2927 verbis
1354 2865 1662 2926 ultionem
1683 2873 2044 2927 etcruorem
2067 2873 2330 2946 repetat.
2354 2867 2558 2928 Minus
2580 2868 2884 2930 nimirum

517 2967 855 3028 festinandi
880 2966 1157 3027 studium
1178 2964 1609 3024 Elisabetham
1634 2963 1897 3040 urgebat
1911 2983 2102 3043 quam
2121 2963 2297 3026 istius
2314 2965 2512 3026 libelli
2529 2972 2878 3038 auctorem,

520 3084 715 3144 quum
760 3065 1004 3126 decimo
1030 3063 1297 3143 septimo
1327 3067 1573 3121 tantum
1609 3079 1776 3120 anno
1808 3067 1954 3141 post
1982 3061 2310 3123 infandam
2341 3062 2514 3124 illam
2554 3063 2885 3125 insimula-

519 3163 754 3224 tionem
784 3163 865 3222 ab
897 3162 1155 3222 infensis
1183 3159 1531 3220 factionum
1564 3157 1788 3217 animis
1827 3165 2060 3233 ortam;
2093 3160 2292 3221 securi
2323 3168 2515 3241 caput
2542 3160 2884 3238 subjecerit

518 3261 717 3322 Maria
758 3261 1035 3322 Stuarta.
1068 3257 1313 3318 Abhinc
1346 3256 1596 3316 initium
1628 3274 1846 3334 cepere
1878 3258 2065 3336 regiae
2095 3260 2568 3321 trucidationes,
2603 3259 2882 3321 Libellus

518 3365 734 3420 noster
757 3357 1029 3436 suscepit
1058 3375 1165 3417 eas
1191 3353 1365 3416 omni
1401 3373 1572 3416 noxa
1603 3354 1984 3430 eximendaS‚
2019 3357 2392 3419 confirmato
2413 3359 2555 3437 jure
2581 3358 2881 3420 occiden—

514 3457 744 3518 dorum
789 3462 1205 3536 tyrannorum
1245 3451 1340 3512 his
1384 3449 1592 3511 verbis
1637 3471 1650 3509 :
1699 3474 1727 3505 «
1773 3451 1933 3512 C’est
1979 3453 2056 3514 de
2095 3459 2234 3515 tous
2277 3453 2368 3514 les
2411 3461 2578 3516 actes
2626 3455 2685 3516 le
2737 3455 2882 3534 plus

520 3553 761 3613 illustre
810 3558 873 3612 et
914 3551 972 3612 le
1012 3551 1153 3630 plus
1194 3548 1620 3626 magnanime,
1651 3550 1848 3626 etant,
1884 3567 2129 3610 comme
2179 3553 2306 3610 tres
2344 3551 2488 3611 bien
2526 3551 2584 3612 le
2628 3559 2884 3614 montre

518 3651 800 3724 Ciceron‚
830 3668 916 3710 un
955 3649 1040 3708 tel
1069 3654 1227 3721 acte,
1266 3645 1481 3725 quand
1512 3645 1657 3705 bien
1686 3644 1730 3704 il
1761 3664 1902 3706 sera
1932 3649 2190 3708 execute
2222 3665 2338 3726 par
2372 3667 2455 3708 un
2489 3649 2766 3712 familier
2793 3652 2881 3712 du

520 3754 741 3829 tyran,
786 3752 925 3809 tout
967 3744 1135 3826 plein
1176 3742 1582 3804 d'honnetete
1635 3748 1698 3803 et
1739 3741 1814 3802 de
1854 3741 2228 3805 bienseance
2267 3745 2586 3826 conjointe
2631 3766 2782 3810 avec
2823 3749 2884 3810 le

513 3846 683 3908 salut
740 3851 800 3906 et
865 3842 1113 3904 l'utilitc
1174 3840 1500 3921 publique.
1548 3863 1582 3896 »
1634 3841 1768 3912 Quo
1818 3839 1974 3901 nihil
2022 3847 2230 3921 potest
2275 3843 2341 3904 in
2388 3844 2886 3925 tyrannicidium

510 3945 871 4024 expressius
901 3939 1267 4020 excogitari.
