3131 5145
1428 451 1748 514 ...54—

412 580 834 645 distinctione.
872 582 990 645 Sed
1019 582 1176 645 nihil
1210 584 1401 658 valet,
1435 585 1486 645 si
1515 585 1595 646 ad
1626 585 1829 663 legem
1872 585 2183 647 moralem
2215 593 2481 666 spectes,
2504 587 2614 647 illa
2643 587 2763 648 dis-

411 680 653 741 tinctio.
692 684 952 743 Necesse
1004 687 1099 743 est
1144 701 1339 761 supra
1381 682 1710 763 opiniones
1764 689 1826 743 et
1874 684 2425 764 interpretantium
2478 684 2763 747 libidines

411 778 507 839 vel
534 798 779 839 errores
808 778 1082 840 emineat
1107 779 1231 840 lex.
1266 780 1445 842 Unde
1476 781 1640 841 enim
1666 788 1884 842 ortura
1905 788 1999 842 est
2023 782 2176 845 satis
2199 782 2411 861 gravis
2433 790 2495 844 et
2517 784 2766 862 excelsa-

411 876 757 937 auctoritas
785 896 912 957 qua
940 885 1107 939 certe
1140 885 1201 938 et
1230 879 1363 940 sine
1394 879 1824 940 controversia
1852 880 2447 967 declaretur-„utrum
2471 882 2760 962 princeps

408 973 676 1053 quilibet
726 981 1037 1054 tyrannus
1078 976 1159 1035 sit
1202 979 1455 1038 annon?
1489 977 1761 1038 Sicarius
1817 996 2046 1058 nempe
2099 998 2210 1039 seu
2262 979 2458 1039 animi
2517 981 2761 1041 ardenti

409 1072 661 1147 affectu,
706 1092 813 1134 seu
858 1072 1235 1153 religIOnum
1278 1093 1474 1154 pravo
1518 1075 1728 1136 surore
1767 1076 2100 1137 instinctus
2139 1096 2389 1156 semper
2417 1084 2759 1157 tyrannum

406 1184 540 1231 esse
566 1188 706 1230 eum
736 1169 1048 1247 judicabit
1078 1190 1265 1249 quem
1298 1171 1580 1233 occidere
1607 1172 2031 1235 destinaverit.

485 1268 781 1327 Attamen
844 1274 907 1328 et
952 1268 1013 1327 in
1065 1269 1466 1348 reprobando
1526 1288 1667 1348 quoe
1726 1268 1846 1331 hac
1900 1270 1976 1331 de
2026 1290 2093 1331 re
2152 1272 2418 1351 protulit
2460 1271 2754 1341 BodinuS,

403 1360 655 1443 aequum
718 1371 811 1425 est
866 1364 1281 1445 profiteamur
1337 1367 1415 1427 ab
1473 1387 1546 1428 eo
1606 1367 1888 1428 exbiberi
1948 1367 2302 1431 doctrinam
2361 1376 2634 1442 tantum,
2697 1378 2757 1430 et

401 1462 709 1523 rationem
755 1463 1097 1541 quamdam
1146 1463 1303 1523 nihil
1360 1464 1435 1524 ad
1487 1483 1616 1524 rem
1670 1466 2111 1545 pertinentem,
2157 1486 2360 1545 neque
2406 1485 2488 1541 ea,
2519 1467 2754 1528 intendi

400 1577 582 1639 posse
611 1579 753 1638 quae
784 1561 1023 1629 censuit
1050 1560 1113 1619 in
1141 1580 1521 1641 quemquam
1554 1563 1760 1623 aetatis
1785 1582 1912 1623 suae
1942 1563 2318 1644 principem,
2343 1584 2457 1625 nec
2486 1583 2753 1644 usquam

398 1656 665 1717 inveniri
692 1650 836 1718 eum
864 1677 1049 1738 quem
1078 1657 1440 1737 diligentius
1476 1660 1791 1721 definierit
1821 1667 2185 1740 tyrannum.
2219 1662 2502 1723 Aliorum
2533 1668 2754 1723 contra

398 1761 727 1815 auctorum
751 1754 825 1816 de
863 1756 1089 1835 quibus
1119 1775 1309 1836 supra
1344 1758 1834 1820 memoravimus
1869 1759 1918 1817 si
1945 1758 2042 1818 vel
2076 1778 2271 1820 unum
2310 1760 2542 1820 librum
2579 1758 2750 1821 evol-

396 1852 579 1926 veriS,
612 1852 795 1913 facile
835 1854 1171 1931 agnoveris
1198 1873 1324 1915 non
1356 1854 1569 1915 animo
1605 1854 1879 1916 effictam
1913 1874 2043 1915 esse
2082 1858 2342 1935 tyranni
2387 1876 2752 1937 personam,

394 1950 505 2009 sed
528 1969 890 2031 expressam
922 1952 1253 2031 praesentis
1280 1959 1341 2011 et
1380 1952 1646 2013 viventis
1688 1953 1988 2032 principis
2036 1953 2360 2031 cujusdam
2405 1955 2744 2033 imaginem

393 2046 745 2127 subscripto
778 2049 967 2108 etiam
1001 2047 1274 2109 nomine.
1302 2046 1488 2107 Nulla
1517 2054 1610 2109 est
1643 2049 1806 2127 apud
1848 2048 1990 2109 illos
2036 2068 2245 2109 rerum
2290 2050 2569 2129 gratuita
2599 2070 2750 2111 con—

395 2130 747 2224 templatio,
799 2145 1004 2219 nulla,
1059 2153 1127 2206 ut
1183 2144 1274 2206 ita
1332 2144 1561 2218 dicam,
1623 2145 1984 2208 academica
2037 2147 2442 2228 disceptatio,
2503 2149 2614 2209 sed
2671 2150 2746 2210 ad

394 2260 685 2327 cruorem
710 2245 1103 2305 fundendum
1133 2244 1455 2305 acerrimae
1489 2244 1910 2306 incitationes,

421 2324 761 2401 scenarum
797 2343 927 2421 ipsc
958 2341 1237 2403 Bodinus
1265 2349 1443 2402 curat
1477 2343 1691 2403 stricte
1714 2349 1775 2404 et
1806 2343 2065 2421 praecise
2098 2342 2528 2405 definiendum
2562 2364 2745 2425 quor·

388 2455 527 2497 sum
566 2446 792 2517 pergat
832 2439 1094 2499 exitiosa
1130 2446 1193 2499 et
1232 2438 1533 2515 ambigua
1572 2439 1684 2499 illa
1722 2440 1959 2517 opinio.
1988 2441 2152 2501 Dum
2181 2446 2522 2521 tyrannum
2555 2461 2745 2522 quem

386 2533 681 2596 describit
720 2535 1131 2598 occidendum
1180 2542 1411 2614 censet,
1458 2544 1523 2598 at
1560 2541 1732 2597 vetat
1775 2556 1851 2598 ne
1893 2556 2002 2598 rex
2043 2536 2311 2617 quilibet
2349 2538 2449 2599 vel
2492 2540 2739 2618 pravis-

382 2631 578 2692 simus
621 2633 909 2694 violetur.
958 2635 1118 2693 Dum
1169 2652 1359 2711 super
1406 2652 1624 2694 omnes
1667 2635 1901 2695 eminet
1948 2654 2081 2713 rex,
2134 2635 2289 2696 nulli
2339 2635 2733 2697 subditorum

385 2730 529 2790 licet
561 2731 657 2791 vel
690 2733 997 2810 judicium
1040 2732 1135 2792 vel
1166 2750 1391 2791 manus
1432 2729 1497 2789 in
1532 2749 1677 2790 cum
1718 2731 2056 2805 intentare,
2106 2733 2318 2812 qualia
2359 2741 2422 2794 ct
2465 2740 2736 2814 quanta-

385 2824 657 2907 cumque
706 2828 1060 2907 deliquerit.
1104 2827 1342 2900 Quibus
1401 2828 1608 2909 verbis
1671 2847 1819 2888 sane
1869 2830 2041 2889 omni
2085 2849 2254 2890 noxa
2303 2831 2604 2891 eximitur
2647 2833 2742 2893 vel

384 2925 663 3004 periculo
692 2927 827 3005 ejus
857 2927 1165 2988 sententia
1195 2926 1405 3006 quoad
1432 2926 1513 2986 ad
1542 2945 1821 3004 praesens
1857 2934 2122 3007 tempus,
2150 2976 2158 2987 2

464 3024 747 3084 Perlecta
794 3024 985 3101 igitur
1036 3031 1097 3084 et
1142 3024 1474 3102 diligenter
1512 3043 1774 3084 excussa
1812 3025 2013 3085 nostri
2063 3026 2337 3086 auctoris
2391 3026 2467 3087 de
2508 3027 2629 3088 hac
2678 3046 2742 3089 re

382 3137 463 3180 an
505 3117 691 3180 liceat
731 3126 1072 3199 tyrannum
1108 3120 1390 3181 occidere
1431 3119 1913 3198 disceptatione,
1947 3121 2254 3182 affirmari
2303 3128 2512 3202 potest
2549 3123 2632 3184 ab
2667 3143 2741 3186 eo

381 3215 732 3295 improbari
762 3217 924 3294 regis
953 3217 1219 3290 caedem3
1254 3235 1475 3277 eorum
1509 3236 1662 3278 vero
1695 3218 1802 3296 qui
1838 3237 1952 3298 per
1988 3220 2111 3278 vim
2164 3238 2427 3298 regnum
2460 3239 2737 3300 occupa-

382 3312 608 3391 verint,
644 3332 792 3373 sane
826 3313 1008 3374 licere
1038 3313 1378 3391 existimat,
1412 3314 1523 3374 sed
1568 3315 1772 3374 minus
1811 3316 2040 3377 caloris
2082 3318 2145 3376 in
2186 3317 2306 3378 hoc
2338 3317 2734 3380 defendendo

381 3409 689 3488 impendit
728 3429 917 3489 quam
972 3412 1034 3471 in
1078 3411 1476 3472 criminando
1526 3411 1577 3470 si
1629 3412 1768 3490 quis
1809 3431 1883 3473 eo
1931 3413 2074 3491 jure
2105 3413 2411 3475 abutatur
2464 3415 2741 3496 politicis

382 3507 767 3584 religiosisve
798 3509 1115 3583 excitatus
1132 3508 1481 3570 affectibus.
