3131 5145
1310 449 1630 514 -69—

382 583 511 645 Sibi
540 583 849 664 proponit
875 583 986 645 illo
1015 584 1281 663 Dialogo
1310 585 1872 646 demonstrandum
1915 585 2159 665 regium
2200 585 2537 665 imperium
2569 585 2648 646 ab

298 681 603 742 electione
632 680 930 762 populari
961 688 1171 744 ortum
1198 701 1353 746 esse.
1404 685 1602 761 Reges
1633 683 1799 744 enim
1837 709 1866 740 «
1908 702 2049 744 cum
2088 682 2338 763 publice
2375 683 2650 762 inaugu-

298 783 520 838 rantur
540 778 777 859 populo
810 778 1105 841 universo
1136 784 1349 840 sancte
1379 781 1749 858 promittere
1775 799 1839 841 se
1867 781 2036 860 leges
2057 785 2118 840 et
2148 781 2463 859 majorum
2495 781 2650 840 ritus

294 882 634 954 veteraque
705 875 994 936 instituta
1059 883 1440 951 servaturos,
1508 895 1710 958 eoque
1762 878 1904 956 jure
1975 879 2145 958 quod
2205 897 2243 938 a
2299 878 2650 957 majoribus

294 972 654 1053 acceperint
683 991 929 1034 usuroS.
977 976 1021 1034 E
1060 973 1287 1053 quibus
1324 974 1505 1035 facile
1544 975 1813 1053 intelligi
1851 982 2060 1056 potest
2097 977 2346 1054 qualem
2381 995 2419 1036 a
2454 974 2651 1053 majo-

294 1071 468 1131 ribus
501 1072 861 1152 acceperint
883 1078 1285 1150 potestatem,
1309 1091 1436 1134 non
1466 1072 1658 1133 aliam
1682 1073 1972 1135 videlieet
1992 1093 2184 1154 quam
2206 1074 2314 1153 qui
2333 1073 2649 1152 suffragiis

294 1167 524 1230 electi
507 1189 573 1229 m
606 1168 775 1246 leges
797 1171 1020 1249 jurant
1045 1171 1063 1204 ¹
1098 1193 1157 1230 ».

374 1267 552 1338 Quod
588 1267 641 1326 si
663 1286 771 1328 rex
792 1272 1097 1346 tyrannus
1127 1267 1417 1340 evaserit,
1452 1286 1564 1346 per
1595 1268 1934 1349 Scripturae
1956 1268 2396 1329 auctoritatem
2427 1275 2650 1330 auctor

297 1365 694 1425 demonstrat
734 1365 879 1442 jure
931 1383 1074 1425 eum
1136 1365 1550 1426 occidendum
1603 1384 1759 1428 esse.
1810 1365 1976 1426 Illud
2029 1365 2199 1426 enim
2258 1372 2498 1426 certum
2553 1372 2647 1426 est

299 1484 327 1516 «
360 1460 674 1541 populum
709 1481 746 1522 a
770 1479 897 1540 quo
928 1481 1107 1540 reges
1138 1461 1336 1522 nostri
1365 1461 1605 1523 habent
1635 1462 1939 1543 quidquid
1965 1463 2125 1541 juris
2154 1462 2272 1523 sibi
2303 1461 2644 1530 vindicant.

296 1559 552 1637 regibus
582 1578 713 1620 esse
745 1559 1192 1639 potentiorem,
1216 1554 1449 1639 jusque
1478 1560 1646 1621 idem
1682 1561 1743 1620 in
1774 1580 1882 1622 eos
1912 1558 2146 1622 habere
2177 1560 2647 1621 multitudinem

296 1657 467 1736 quod
499 1656 592 1716 illi
620 1657 688 1717 in
719 1657 1000 1734 singulos
1031 1676 1063 1717 e
1095 1658 1496 1718 multitudine
1526 1657 1765 1718 habent
1799 1682 1853 1717 ».

372 1754 525 1825 Quis
556 1754 811 1815 tandem
846 1761 1185 1834 tyrannum
1229 1774 1261 1814 e
1296 1773 1441 1834 rege
1480 1755 1722 1816 factum
1764 1755 1827 1814 in
1864 1757 1972 1833 Jus
2009 1754 2302 1816 vocabit?
2339 1752 2644 1835 Populus,

294 1871 439 1931 rege
470 1852 897 1932 praestantior,
928 1853 1223 1933 populus„
1254 1871 1385 1915 non
1414 1851 1662 1932 vulguS,
1691 1851 1797 1914 sed
1825 1853 2105 1933 quivere
2133 1853 2298 1914 cives
2329 1859 2492 1928 sunt,
2526 1852 2648 1914 hoc

294 1957 387 2010 est
420 1973 451 2006 «
481 1950 591 2027 qui
619 1949 864 2027 legibus
893 1957 1142 2029 parent,
1178 1951 1541 2010 societatem
1572 1951 1900 2011 hominum
1956 1955 2229 2027 tuentur,
2263 1950 2370 2029 qui
2397 1949 2647 2010 labores

212 2112 217 2116 ,
297 2065 540 2119 omneS‚
576 2047 790 2107 omnia
822 2047 1121 2126 pericula,
1156 2048 1402 2108 malunt
1440 2067 1555 2126 pro
1593 2048 1794 2108 salute
1832 2066 2087 2108 suorum
2128 2047 2324 2119 obire,
2363 2066 2554 2126 quam
2582 2046 2648 2107 in

296 2144 423 2206 otio
455 2145 541 2204 ab
566 2144 893 2205 honestate
914 2147 1199 2224 sejuncto
1224 2164 1339 2224 per
1365 2145 1685 2224 ignaviam
1708 2164 2171 2218 consenescere,
2198 2145 2303 2225 qui
2337 2164 2462 2205 non
2494 2163 2649 2224 pree-

296 2248 505 2302 sentes
541 2242 813 2320 fructus,
856 2243 963 2302 sed
1004 2243 1373 2303 aeternitatis
1412 2244 1783 2304 memoriam
1827 2251 1972 2304 ante
2008 2241 2225 2304 oculos
2255 2261 2486 2321 propos
2483 2242 2646 2302 itam

295 2337 536 2398 habent
543 2384 665 2399 .....
689 2338 861 2428 lQuid
890 2358 1062 2416 vero,
1092 2339 1142 2399 si
1174 2359 1284 2400 rex
1314 2359 1427 2400 sua
1446 2348 1673 2420 sponte
1703 2340 1882 2415 nolit,
1914 2359 2026 2401 nec
2061 2339 2124 2401 vi
2153 2340 2292 2418 cogi
2325 2339 2544 2418 possit,
2578 2345 2648 2398 ut

293 2436 357 2496 in
388 2437 499 2516 jus
539 2418 789 2497 veniat?
822 2469 902 2480 —
938 2438 1241 2498 Latrones
1282 2439 1670 2521 potentiores
1712 2456 1905 2517 quam
1943 2444 2015 2498 ut
2047 2438 2190 2516 jure
2231 2457 2374 2498 cum
2417 2437 2504 2497 eis
2545 2437 2647 2514 agi

295 2534 517 2613 possit,
548 2531 713 2595 bello
744 2538 807 2595 et
838 2533 1030 2594 armis
1056 2535 1511 2614 persequimur.
1511 2537 1672 2626 {Nec
1705 2535 1828 2595 alia
1855 2535 1984 2596 fere
2016 2534 2326 2596 bellorum
2360 2533 2644 2595 omnium

293 2649 483 2693 causa
523 2632 941 2709 praetenditur
978 2632 1142 2693 inter
1177 2634 1485 2708 nationeS‚
1522 2634 1794 2713 populos
1821 2641 1883 2694 et
1913 2652 2112 2711 regeS,
2147 2652 2339 2713 quam
2371 2631 2642 2710 injuriae,

293 2730 367 2790 de
394 2728 625 2808 quibus
656 2748 797 2789 cum
824 2729 1065 2808 judicio
1098 2748 1227 2792 non
1260 2737 1467 2810 potest
1509 2732 1784 2805 decerni,
1819 2732 1984 2792 ferro
2025 2730 2432 2791 cernitur.....
2472 2723 2644 2791 Bello

293 2834 503 2889 autem
537 2846 684 2888 cum
711 2827 892 2888 hoste
912 2828 1087 2908 justa
1113 2828 1187 2889 de
1220 2848 1411 2889 causa
1448 2830 1642 2889 semel
1681 2836 1996 2909 susceptO,
2019 2828 2125 2907 jus
2163 2836 2259 2889 est
2298 2848 2425 2889 non
2457 2829 2644 2903 modo

293 2943 416 2987 non
458 2925 755 2985 universo
798 2928 1057 3005 populo,
1102 2925 1209 2985 sed
1238 2926 1500 3003 singulis
1539 2926 1755 3000 etiam,
1783 2926 2030 2987 hostem
2071 2925 2645 2997 interimereaeQuid

294 3029 662 3101 tyrannum,
714 3021 962 3083 hostem
1005 3023 1352 3103 publicum,
1390 3044 1663 3103 quocum
1711 3025 2003 3085 omnibus
2043 3024 2226 3085 bonis
2267 3028 2646 3104 perpetuum

293 3125 383 3181 est
405 3121 649 3181 bellum
667 3121 697 3179 ‘?
725 3123 945 3182 Nonne
966 3120 1221 3197 singuli,
1257 3140 1290 3181 e
1318 3127 1451 3182 tota
1476 3122 1723 3201 generis
1754 3121 2018 3182 humani
2047 3122 2475 3195 multitudine,
2499 3122 2645 3201 jure

295 3236 512 3279 omnes
543 3218 859 3279 bellorum
890 3237 1110 3298 poenas
1146 3218 1225 3279 ab
1252 3237 1326 3279 eo
1354 3226 1646 3298 expetere
1679 3226 1942 3298 possunt
1970 3219 2017 3281 ².
2052 3243 2082 3274 »
2107 3248 2135 3306 gg

372 3316 577 3377 Minor
617 3315 780 3375 inest
812 3314 959 3376 huic
1002 3314 1213 3376 libello
1246 3334 1437 3394 quam
1480 3317 1788 3394 Langueti
1841 3309 2135 3376 Vindici‘t‘s
2171 3318 2264 3377 vis
2302 3318 2646 3392 argumen-

294 3418 502 3473 torum
534 3418 599 3474 et
626 3432 727 3473 ars
762 3413 828 3473 in
858 3412 1239 3474 deducendis
1276 3415 1461 3475 rebus
1490 3421 1553 3475 et
1583 3415 1900 3492 cogendis.
1939 3416 2256 3475 Praeterea
2284 3413 2648 3491 languidius

290 3510 353 3570 in
393 3512 517 3572 hoc
558 3510 789 3572 accidit
819 3509 1139 3589 religionis
1178 3512 1538 3573 reformatae
1583 3512 1793 3590 flatuS,
1828 3520 1889 3572 et
1928 3532 2005 3572 ex
2035 3530 2212 3572 mera
2241 3510 2648 3591 philosophia
2700 3582 2708 3590 ,

295 3617 726 3688 renovatoque
748 3628 824 3669 ea
848 3614 1033 3671 aetate
1057 3609 1409 3671 litterarum
1434 3610 1642 3671 studio
1668 3610 1878 3691 potius
1904 3610 2184 3671 hausisse
2217 3628 2360 3670 eum
2391 3608 2642 3683 dixeri3‚

293 3712 360 3766 ut
387 3706 603 3767 minus
642 3703 886 3767 Calvini
926 3706 1281 3786 Knoxiique
1322 3706 1666 3787 discipulus
1703 3725 1897 3788 quam
1937 3706 2240 3784 PlatoniS,
2272 3705 2644 3779 AristoteliS,

291 3804 337 3862 T
340 3804 607 3891 ulliique
638 3804 935 3865 alumnus
965 3822 1099 3866 esse
1132 3804 1439 3866 videatur.

344 3892 521 3961 NPost
573 3907 992 3961 memoratum
1039 3900 1527 3975 Buchananum,
1581 3901 1740 3962 alter
1780 3900 2064 3980 ejusdem
2123 3901 2326 3979 gentis
2379 3900 2652 3982 scriptor

267 3998 485 4075 ,menti
512 3997 847 4072 succurrit,
877 3998 1133 4060 nomine
1161 4000 1439 4059 Joannes
1475 4001 1818 4074 PonnetuS,
1849 3998 1957 4078 qui
1987 3999 2423 4077 episcopatum
2453 3996 2644 4075 adep-

290 4099 389 4153 tus
427 4093 548 4154 sub
590 4093 888 4155 Eduardo
928 4102 1105 4156 sexto
1145 4094 1392 4174 floruit,
1427 4095 1832 4175 maximoque
1873 4095 2123 4156 fervore
2164 4092 2647 4174 protestantium

352 4332 397 4377 1.
431 4334 457 4391 ,ξ
489 4332 572 4379 57.

353 4404 399 4450 2.
434 4405 485 4461 §g
518 4402 601 4461 72,
635 4402 691 4450 81
726 4404 779 4451 et
809 4402 889 4451 85.
