<?xml version="1.0" encoding="UTF-8"?>
<!DOCTYPE html PUBLIC "-//W3C//DTD XHTML 1.0 Transitional//EN"
    "http://www.w3.org/TR/xhtml1/DTD/xhtml1-transitional.dtd">
<html xmlns="http://www.w3.org/1999/xhtml" xml:lang="en" lang="en">
 <head>
  <title>
</title>
<meta http-equiv="Content-Type" content="text/html;charset=utf-8" />
  <meta name='ocr-system' content='tesseract 3.04.00' />
  <meta name='ocr-capabilities' content='ocr_page ocr_carea ocr_par ocr_line ocrx_word'/>
</head>
<body>
  <div class='ocr_page' id='page_1' title='image "./detyrannicidica00douagoog_0075.png"; bbox 0 0 3131 5145; ppageno 0'>
   <div class='ocr_carea' id='block_1_1' title="bbox 1311 478 1636 541">
    <p class='ocr_par' dir='ltr' id='par_1_1' title="bbox 1311 478 1636 541">
     <span class='ocr_line' id='line_1_1' title="bbox 1311 478 1636 541; baseline -0.006 -14"><span class='ocrx_word' id='word_1_1' title='bbox 1311 478 1636 541; x_wconf 72' lang='lat'><strong>...57—</strong></span> 
     </span>
    </p>
   </div>
   <div class='ocr_carea' id='block_1_2' title="bbox 260 607 2646 4506">
    <p class='ocr_par' dir='ltr' id='par_1_2' title="bbox 274 607 2646 1667">
     <span class='ocr_line' id='line_1_2' title="bbox 274 607 2646 695; baseline -0.001 -23"><span class='ocrx_word' id='word_1_2' title='bbox 274 611 422 686; x_wconf 87' lang='lat' dir='ltr'><strong>rint,</strong></span> <span class='ocrx_word' id='word_1_3' title='bbox 458 614 643 675; x_wconf 90' lang='lat' dir='ltr'><strong>molli</strong></span> <span class='ocrx_word' id='word_1_4' title='bbox 675 632 854 695; x_wconf 82' lang='lat' dir='ltr'><strong>aeque</strong></span> <span class='ocrx_word' id='word_1_5' title='bbox 884 621 945 676; x_wconf 86' lang='lat' dir='ltr'><strong>et</strong></span> <span class='ocrx_word' id='word_1_6' title='bbox 976 614 1185 676; x_wconf 85' lang='lat' dir='ltr'><strong>vivida</strong></span> <span class='ocrx_word' id='word_1_7' title='bbox 1214 614 1503 676; x_wconf 88' lang='lat' dir='ltr'><strong>oratione</strong></span> <span class='ocrx_word' id='word_1_8' title='bbox 1544 614 1614 673; x_wconf 91' lang='lat' dir='ltr'><strong>in</strong></span> <span class='ocrx_word' id='word_1_9' title='bbox 1643 611 1759 673; x_wconf 89' lang='lat' dir='ltr'><strong>has</strong></span> <span class='ocrx_word' id='word_1_10' title='bbox 1799 630 1986 673; x_wconf 87' lang='lat' dir='ltr'><strong>voces</strong></span> <span class='ocrx_word' id='word_1_11' title='bbox 2013 612 2274 672; x_wconf 82' lang='lat' dir='ltr'><strong>effertur</strong></span> <span class='ocrx_word' id='word_1_12' title='bbox 2305 628 2320 671; x_wconf 72' lang='grc' dir='ltr'>ι</span> <span class='ocrx_word' id='word_1_13' title='bbox 2357 633 2390 667; x_wconf 92' lang='lat'>«</span> <span class='ocrx_word' id='word_1_14' title='bbox 2421 607 2646 670; x_wconf 80' lang='lat' dir='ltr'><strong>Valeat</strong></span> 
     </span>
     <span class='ocr_line' id='line_1_3' title="bbox 278 708 2643 793; baseline -0.001 -24"><span class='ocrx_word' id='word_1_15' title='bbox 278 708 475 787; x_wconf 84' lang='lat' dir='ltr'><strong>igitur</strong></span> <span class='ocrx_word' id='word_1_16' title='bbox 514 730 727 790; x_wconf 89' lang='lat' dir='ltr'><strong>omen,</strong></span> <span class='ocrx_word' id='word_1_17' title='bbox 761 718 831 772; x_wconf 90' lang='lat' dir='ltr'><strong>ut</strong></span> <span class='ocrx_word' id='word_1_18' title='bbox 868 713 1094 773; x_wconf 87' lang='lat' dir='ltr'><strong>Franci</strong></span> <span class='ocrx_word' id='word_1_19' title='bbox 1123 732 1269 774; x_wconf 89' lang='lat' dir='ltr'><strong>vere</strong></span> <span class='ocrx_word' id='word_1_20' title='bbox 1308 712 1690 793; x_wconf 80' lang='lat' dir='ltr'>proprieque</span> <span class='ocrx_word' id='word_1_21' title='bbox 1731 710 2043 783; x_wconf 86' lang='lat' dir='ltr'><strong>dicantur,</strong></span> <span class='ocrx_word' id='word_1_22' title='bbox 2077 708 2185 789; x_wconf 89' lang='lat' dir='ltr'><strong>qui</strong></span> <span class='ocrx_word' id='word_1_23' title='bbox 2224 714 2643 788; x_wconf 88' lang='lat' dir='ltr'><strong>tyrannorum</strong></span> 
     </span>
     <span class='ocr_line' id='line_1_4' title="bbox 275 804 2642 889; baseline -0.002 -22"><span class='ocrx_word' id='word_1_24' title='bbox 275 807 585 869; x_wconf 83' lang='lat' dir='ltr'><strong>servitute</strong></span> <span class='ocrx_word' id='word_1_25' title='bbox 627 808 912 889; x_wconf 87' lang='lat' dir='ltr'><strong>depulsa,</strong></span> <span class='ocrx_word' id='word_1_26' title='bbox 954 809 1311 885; x_wconf 82' lang='lat' dir='ltr'><strong>honestam,</strong></span> <span class='ocrx_word' id='word_1_27' title='bbox 1353 809 1540 870; x_wconf 86' lang='lat' dir='ltr'><strong>etiam</strong></span> <span class='ocrx_word' id='word_1_28' title='bbox 1588 808 1703 869; x_wconf 89' lang='lat' dir='ltr'><strong>sub</strong></span> <span class='ocrx_word' id='word_1_29' title='bbox 1752 826 1971 886; x_wconf 84' lang='lat' dir='ltr'><strong>regum</strong></span> <span class='ocrx_word' id='word_1_30' title='bbox 2011 804 2411 878; x_wconf 86' lang='lat' dir='ltr'><strong>auctoritate,</strong></span> <span class='ocrx_word' id='word_1_31' title='bbox 2451 804 2642 864; x_wconf 88' lang='lat' dir='ltr'><strong>liber-</strong></span> 
     </span>
     <span class='ocr_line' id='line_1_5' title="bbox 280 902 2638 987; baseline -0.002 -22"><span class='ocrx_word' id='word_1_32' title='bbox 280 908 479 966; x_wconf 85' lang='lat' dir='ltr'><strong>tatem</strong></span> <span class='ocrx_word' id='word_1_33' title='bbox 512 906 634 967; x_wconf 90' lang='lat' dir='ltr'><strong>sibi</strong></span> <span class='ocrx_word' id='word_1_34' title='bbox 663 906 1059 968; x_wconf 78' lang='lat' dir='ltr'><strong>retinendam</strong></span> <span class='ocrx_word' id='word_1_35' title='bbox 1083 912 1405 987; x_wconf 86' lang='lat' dir='ltr'><strong>putarunt.</strong></span> <span class='ocrx_word' id='word_1_36' title='bbox 1434 909 1573 968; x_wconf 91' lang='lat' dir='ltr'><strong>Non</strong></span> <span class='ocrx_word' id='word_1_37' title='bbox 1599 906 1771 967; x_wconf 91' lang='lat' dir='ltr'><strong>enim</strong></span> <span class='ocrx_word' id='word_1_38' title='bbox 1799 904 1929 983; x_wconf 85' lang='lat' dir='ltr'><strong>regi</strong></span> <span class='ocrx_word' id='word_1_39' title='bbox 1953 922 2179 985; x_wconf 89' lang='lat' dir='ltr'><strong>parere</strong></span> <span class='ocrx_word' id='word_1_40' title='bbox 2210 902 2476 963; x_wconf 89' lang='lat' dir='ltr'><strong>servitus</strong></span> <span class='ocrx_word' id='word_1_41' title='bbox 2505 907 2638 962; x_wconf 85' lang='lat' dir='ltr'><strong>est:</strong></span> 
     </span>
     <span class='ocr_line' id='line_1_6' title="bbox 278 998 2642 1084; baseline -0.001 -22"><span class='ocrx_word' id='word_1_42' title='bbox 278 1020 493 1082; x_wconf 87' lang='lat' dir='ltr'><strong>neque</strong></span> <span class='ocrx_word' id='word_1_43' title='bbox 522 1004 633 1083; x_wconf 90' lang='lat' dir='ltr'><strong>qui</strong></span> <span class='ocrx_word' id='word_1_44' title='bbox 660 1005 788 1083; x_wconf 85' lang='lat' dir='ltr'><strong>regi</strong></span> <span class='ocrx_word' id='word_1_45' title='bbox 814 1011 1039 1084; x_wconf 86' lang='lat' dir='ltr'><strong>parent</strong></span> <span class='ocrx_word' id='word_1_46' title='bbox 1076 1006 1375 1068; x_wconf 86' lang='lat' dir='ltr'><strong>continuo</strong></span> <span class='ocrx_word' id='word_1_47' title='bbox 1404 1005 1568 1066; x_wconf 89' lang='lat' dir='ltr'><strong>servi</strong></span> <span class='ocrx_word' id='word_1_48' title='bbox 1598 1003 1874 1066; x_wconf 89' lang='lat' dir='ltr'><strong>habendi</strong></span> <span class='ocrx_word' id='word_1_49' title='bbox 1903 1008 2080 1077; x_wconf 88' lang='lat' dir='ltr'><strong>sunt;</strong></span> <span class='ocrx_word' id='word_1_50' title='bbox 2112 1000 2222 1063; x_wconf 89' lang='lat' dir='ltr'><strong>sed</strong></span> <span class='ocrx_word' id='word_1_51' title='bbox 2251 1000 2359 1080; x_wconf 87' lang='lat' dir='ltr'><strong>qui</strong></span> <span class='ocrx_word' id='word_1_52' title='bbox 2389 998 2642 1080; x_wconf 81' lang='lat' dir='ltr'><strong>tyranni</strong></span> 
     </span>
     <span class='ocr_line' id='line_1_7' title="bbox 280 1195 2634 1278; baseline -0.001 -21"><span class='ocrx_word' id='word_1_53' title='bbox 280 1198 649 1278; x_wconf 87' lang='lat' dir='ltr'><strong>subjiciunt,</strong></span> <span class='ocrx_word' id='word_1_54' title='bbox 684 1199 725 1259; x_wconf 91' lang='lat' dir='ltr'><strong>ii</strong></span> <span class='ocrx_word' id='word_1_55' title='bbox 766 1199 1021 1261; x_wconf 90' lang='lat' dir='ltr'><strong>demum</strong></span> <span class='ocrx_word' id='word_1_56' title='bbox 1052 1200 1352 1262; x_wconf 85' lang='lat' dir='ltr'><strong>vilissimo</strong></span> <span class='ocrx_word' id='word_1_57' title='bbox 1398 1220 1724 1262; x_wconf 89' lang='lat' dir='ltr'><strong>servorum</strong></span> <span class='ocrx_word' id='word_1_58' title='bbox 1770 1200 2024 1261; x_wconf 89' lang='lat' dir='ltr'><strong>nomine</strong></span> <span class='ocrx_word' id='word_1_59' title='bbox 2065 1195 2430 1278; x_wconf 85' lang='lat' dir='ltr'><strong>appellandi</strong></span> <span class='ocrx_word' id='word_1_60' title='bbox 2466 1199 2634 1255; x_wconf 87' lang='lat' dir='ltr'><strong>sunt.</strong></span> 
     </span>
     <span class='ocr_line' id='line_1_8' title="bbox 279 1295 2641 1378; baseline -0.001 -24"><span class='ocrx_word' id='word_1_61' title='bbox 279 1295 499 1375; x_wconf 88' lang='lat' dir='ltr'><strong>Itaque</strong></span> <span class='ocrx_word' id='word_1_62' title='bbox 530 1315 709 1375; x_wconf 86' lang='lat' dir='ltr'><strong>reges</strong></span> <span class='ocrx_word' id='word_1_63' title='bbox 738 1316 989 1377; x_wconf 83' lang='lat' dir='ltr'><strong>semper</strong></span> <span class='ocrx_word' id='word_1_64' title='bbox 1012 1299 1239 1358; x_wconf 88' lang='lat' dir='ltr'><strong>Franci</strong></span> <span class='ocrx_word' id='word_1_65' title='bbox 1271 1297 1655 1377; x_wconf 85' lang='lat' dir='ltr'><strong>habuerunt,</strong></span> <span class='ocrx_word' id='word_1_66' title='bbox 1680 1298 1872 1359; x_wconf 90' lang='lat' dir='ltr'><strong>etiam</strong></span> <span class='ocrx_word' id='word_1_67' title='bbox 1905 1303 2037 1358; x_wconf 92' lang='lat' dir='ltr'><strong>tum</strong></span> <span class='ocrx_word' id='word_1_68' title='bbox 2072 1314 2267 1378; x_wconf 91' lang='lat' dir='ltr'><strong>quum</strong></span> <span class='ocrx_word' id='word_1_69' title='bbox 2299 1298 2641 1355; x_wconf 78' lang='lat' dir='ltr'><strong>assertores</strong></span> 
     </span>
     <span class='ocr_line' id='line_1_9' title="bbox 277 1389 2638 1476; baseline -0.001 -25"><span class='ocrx_word' id='word_1_70' title='bbox 277 1410 343 1451; x_wconf 89' lang='lat' dir='ltr'><strong>se</strong></span> <span class='ocrx_word' id='word_1_71' title='bbox 388 1411 462 1453; x_wconf 92' lang='lat' dir='ltr'><strong>ac</strong></span> <span class='ocrx_word' id='word_1_72' title='bbox 492 1392 772 1455; x_wconf 89' lang='lat' dir='ltr'><strong>vindices</strong></span> <span class='ocrx_word' id='word_1_73' title='bbox 802 1393 1114 1456; x_wconf 77' lang='lat' dir='ltr'><strong>libertatis</strong></span> <span class='ocrx_word' id='word_1_74' title='bbox 1146 1394 1612 1476; x_wconf 78' lang='lat' dir='ltr'><strong>profitebantur</strong></span> <span class='ocrx_word' id='word_1_75' title='bbox 1642 1413 1660 1457; x_wconf 74' lang='grc' dir='ltr'><strong><em>ε</em></strong></span> <span class='ocrx_word' id='word_1_76' title='bbox 1693 1402 1754 1457; x_wconf 90' lang='lat' dir='ltr'><strong>et</strong></span> <span class='ocrx_word' id='word_1_77' title='bbox 1796 1414 1994 1475; x_wconf 89' lang='lat' dir='ltr'><strong>quum</strong></span> <span class='ocrx_word' id='word_1_78' title='bbox 2024 1393 2143 1455; x_wconf 88' lang='lat' dir='ltr'><strong>sibi</strong></span> <span class='ocrx_word' id='word_1_79' title='bbox 2187 1410 2365 1468; x_wconf 86' lang='lat' dir='ltr'><strong>reges</strong></span> <span class='ocrx_word' id='word_1_80' title='bbox 2403 1389 2638 1451; x_wconf 89' lang='lat' dir='ltr'><strong>consti—</strong></span> 
     </span>
     <span class='ocr_line' id='line_1_10' title="bbox 275 1487 2634 1573; baseline -0.001 -24"><span class='ocrx_word' id='word_1_81' title='bbox 275 1495 557 1564; x_wconf 84' lang='lat' dir='ltr'><strong>tuerunt,</strong></span> <span class='ocrx_word' id='word_1_82' title='bbox 591 1510 721 1552; x_wconf 90' lang='lat' dir='ltr'><strong>non</strong></span> <span class='ocrx_word' id='word_1_83' title='bbox 750 1498 1078 1573; x_wconf 88' lang='lat' dir='ltr'><strong>tyrannos,</strong></span> <span class='ocrx_word' id='word_1_84' title='bbox 1114 1500 1225 1553; x_wconf 89' lang='lat' dir='ltr'><strong>aut</strong></span> <span class='ocrx_word' id='word_1_85' title='bbox 1265 1493 1616 1568; x_wconf 81' lang='lat' dir='ltr'><strong>carnifices,</strong></span> <span class='ocrx_word' id='word_1_86' title='bbox 1649 1494 1756 1553; x_wconf 90' lang='lat' dir='ltr'><strong>sed</strong></span> <span class='ocrx_word' id='word_1_87' title='bbox 1799 1491 2107 1553; x_wconf 81' lang='lat' dir='ltr'><strong>libertatis</strong></span> <span class='ocrx_word' id='word_1_88' title='bbox 2152 1509 2281 1551; x_wconf 82' lang='lat' dir='ltr'><strong>suae</strong></span> <span class='ocrx_word' id='word_1_89' title='bbox 2322 1487 2634 1561; x_wconf 79' lang='lat' dir='ltr'><strong>custodes,</strong></span> 
     </span>
     <span class='ocr_line' id='line_1_11' title="bbox 276 1588 1631 1667; baseline 0.004 -20"><span class='ocrx_word' id='word_1_90' title='bbox 276 1588 633 1667; x_wconf 82' lang='lat' dir='ltr'><strong>praefectos,</strong></span> <span class='ocrx_word' id='word_1_91' title='bbox 667 1595 907 1651; x_wconf 88' lang='lat' dir='ltr'><strong>tutores</strong></span> <span class='ocrx_word' id='word_1_92' title='bbox 937 1588 1052 1651; x_wconf 91' lang='lat' dir='ltr'><strong>sibi</strong></span> <span class='ocrx_word' id='word_1_93' title='bbox 1083 1591 1564 1653; x_wconf 84' lang='lat' dir='ltr'><strong>constituerunt.</strong></span> <span class='ocrx_word' id='word_1_94' title='bbox 1602 1615 1631 1647; x_wconf 71' lang='lat'><strong>&gt;³</strong></span> 
     </span>
    </p>

    <p class='ocr_par' dir='ltr' id='par_1_3' title="bbox 274 1679 2640 2453">
     <span class='ocr_line' id='line_1_12' title="bbox 355 1679 2640 1768; baseline -0.002 -24"><span class='ocrx_word' id='word_1_95' title='bbox 355 1687 488 1747; x_wconf 89' lang='lat' dir='ltr'><strong>Hac</strong></span> <span class='ocrx_word' id='word_1_96' title='bbox 532 1687 789 1748; x_wconf 87' lang='lat' dir='ltr'><strong>fictione</strong></span> <span class='ocrx_word' id='word_1_97' title='bbox 838 1688 1063 1768; x_wconf 87' lang='lat' dir='ltr'><strong>perita,</strong></span> <span class='ocrx_word' id='word_1_98' title='bbox 1111 1688 1264 1749; x_wconf 90' lang='lat' dir='ltr'><strong>dum</strong></span> <span class='ocrx_word' id='word_1_99' title='bbox 1304 1689 1598 1750; x_wconf 89' lang='lat' dir='ltr'><strong>studebat</strong></span> <span class='ocrx_word' id='word_1_100' title='bbox 1640 1707 1717 1749; x_wconf 81' lang='lat' dir='ltr'><strong>ex</strong></span> <span class='ocrx_word' id='word_1_101' title='bbox 1753 1686 2019 1767; x_wconf 86' lang='lat' dir='ltr'><strong>antiqua</strong></span> <span class='ocrx_word' id='word_1_102' title='bbox 2069 1686 2259 1763; x_wconf 85' lang='lat' dir='ltr'><strong>regiae</strong></span> <span class='ocrx_word' id='word_1_103' title='bbox 2309 1679 2640 1763; x_wconf 88' lang='lat' dir='ltr'><strong>potestatis</strong></span> 
     </span>
     <span class='ocr_line' id='line_1_13' title="bbox 276 1783 2637 1865; baseline -0.003 -22"><span class='ocrx_word' id='word_1_104' title='bbox 276 1783 615 1863; x_wconf 86' lang='lat' dir='ltr'><strong>disciplina</strong></span> <span class='ocrx_word' id='word_1_105' title='bbox 644 1785 921 1865; x_wconf 88' lang='lat' dir='ltr'><strong>aliquam</strong></span> <span class='ocrx_word' id='word_1_106' title='bbox 953 1787 1135 1865; x_wconf 87' lang='lat' dir='ltr'><strong>quasi</strong></span> <span class='ocrx_word' id='word_1_107' title='bbox 1163 1786 1473 1847; x_wconf 86' lang='lat' dir='ltr'><strong>libertatis</strong></span> <span class='ocrx_word' id='word_1_108' title='bbox 1502 1785 1840 1847; x_wconf 90' lang='lat' dir='ltr'><strong>scintillam</strong></span> <span class='ocrx_word' id='word_1_109' title='bbox 1875 1784 2205 1854; x_wconf 86' lang='lat' dir='ltr'><strong>excudere,</strong></span> <span class='ocrx_word' id='word_1_110' title='bbox 2241 1784 2637 1842; x_wconf 87' lang='lat' dir='ltr'><strong>Hotomanus</strong></span> 
     </span>
     <span class='ocr_line' id='line_1_14' title="bbox 274 1876 2635 1964; baseline -0.003 -23"><span class='ocrx_word' id='word_1_111' title='bbox 274 1882 485 1960; x_wconf 90' lang='lat' dir='ltr'><strong>patrio</strong></span> <span class='ocrx_word' id='word_1_112' title='bbox 534 1881 917 1944; x_wconf 84' lang='lat' dir='ltr'><strong>inserviebat</strong></span> <span class='ocrx_word' id='word_1_113' title='bbox 957 1884 1185 1958; x_wconf 87' lang='lat' dir='ltr'><strong>amori,</strong></span> <span class='ocrx_word' id='word_1_114' title='bbox 1232 1884 1764 1964; x_wconf 84' lang='lat' dir='ltr'><strong>populariumque</strong></span> <span class='ocrx_word' id='word_1_115' title='bbox 1805 1881 2014 1945; x_wconf 88' lang='lat' dir='ltr'><strong>studia</strong></span> <span class='ocrx_word' id='word_1_116' title='bbox 2049 1877 2425 1941; x_wconf 89' lang='lat' dir='ltr'><strong>incendebat</strong></span> <span class='ocrx_word' id='word_1_117' title='bbox 2464 1876 2529 1935; x_wconf 90' lang='lat' dir='ltr'><strong>in</strong></span> <span class='ocrx_word' id='word_1_118' title='bbox 2571 1894 2635 1936; x_wconf 88' lang='lat' dir='ltr'><strong>se</strong></span> 
     </span>
     <span class='ocr_line' id='line_1_15' title="bbox 274 1977 2636 2060; baseline -0.003 -20"><span class='ocrx_word' id='word_1_119' title='bbox 274 1998 605 2041; x_wconf 81' lang='lat' dir='ltr'><strong>conversa.</strong></span> <span class='ocrx_word' id='word_1_120' title='bbox 654 1981 853 2052; x_wconf 89' lang='lat' dir='ltr'><strong>Quum</strong></span> <span class='ocrx_word' id='word_1_121' title='bbox 908 1980 1077 2041; x_wconf 90' lang='lat' dir='ltr'><strong>enim</strong></span> <span class='ocrx_word' id='word_1_122' title='bbox 1126 1982 1509 2043; x_wconf 82' lang='lat' dir='ltr'><strong>conferendo</strong></span> <span class='ocrx_word' id='word_1_123' title='bbox 1553 1981 1840 2042; x_wconf 86' lang='lat' dir='ltr'><strong>habitam</strong></span> <span class='ocrx_word' id='word_1_124' title='bbox 1889 1978 2058 2060; x_wconf 87' lang='lat' dir='ltr'><strong>apud</strong></span> <span class='ocrx_word' id='word_1_125' title='bbox 2108 1981 2358 2040; x_wconf 84' lang='lat' dir='ltr'><strong>Graecos</strong></span> <span class='ocrx_word' id='word_1_126' title='bbox 2399 1977 2636 2035; x_wconf 90' lang='lat' dir='ltr'><strong>Roma-</strong></span> 
     </span>
     <span class='ocr_line' id='line_1_16' title="bbox 274 2071 2630 2156; baseline -0.003 -20"><span class='ocrx_word' id='word_1_127' title='bbox 274 2095 471 2138; x_wconf 89' lang='lat' dir='ltr'><strong>nosve</strong></span> <span class='ocrx_word' id='word_1_128' title='bbox 492 2077 951 2156; x_wconf 89' lang='lat' dir='ltr'><strong>rempublicam</strong></span> <span class='ocrx_word' id='word_1_129' title='bbox 974 2098 1118 2141; x_wconf 90' lang='lat' dir='ltr'><strong>cum</strong></span> <span class='ocrx_word' id='word_1_130' title='bbox 1140 2080 1598 2141; x_wconf 91' lang='lat' dir='ltr'><strong>Germanorum</strong></span> <span class='ocrx_word' id='word_1_131' title='bbox 1620 2078 1955 2139; x_wconf 86' lang='lat' dir='ltr'><strong>annalibus</strong></span> <span class='ocrx_word' id='word_1_132' title='bbox 1977 2075 2285 2155; x_wconf 89' lang='lat' dir='ltr'><strong>regiisque</strong></span> <span class='ocrx_word' id='word_1_133' title='bbox 2307 2071 2630 2135; x_wconf 91' lang='lat' dir='ltr'><strong>Gallorum</strong></span> 
     </span>
     <span class='ocr_line' id='line_1_17' title="bbox 276 2168 2632 2257; baseline -0.003 -23"><span class='ocrx_word' id='word_1_134' title='bbox 276 2173 571 2252; x_wconf 81' lang='lat' dir='ltr'><strong>gentibus</strong></span> <span class='ocrx_word' id='word_1_135' title='bbox 590 2194 628 2235; x_wconf 89' lang='lat' dir='ltr'><strong>a</strong></span> <span class='ocrx_word' id='word_1_136' title='bbox 651 2176 966 2238; x_wconf 85' lang='lat' dir='ltr'><strong>Merovaeo</strong></span> <span class='ocrx_word' id='word_1_137' title='bbox 989 2176 1346 2257; x_wconf 88' lang='lat' dir='ltr'><strong>Caroloque</strong></span> <span class='ocrx_word' id='word_1_138' title='bbox 1372 2195 1602 2257; x_wconf 86' lang='lat' dir='ltr'><strong>magno</strong></span> <span class='ocrx_word' id='word_1_139' title='bbox 1633 2178 1786 2238; x_wconf 88' lang='lat' dir='ltr'><strong>ortis</strong></span> <span class='ocrx_word' id='word_1_140' title='bbox 1812 2174 2138 2237; x_wconf 89' lang='lat' dir='ltr'><strong>consimile</strong></span> <span class='ocrx_word' id='word_1_141' title='bbox 2169 2171 2408 2251; x_wconf 83' lang='lat' dir='ltr'><strong>aliquid</strong></span> <span class='ocrx_word' id='word_1_142' title='bbox 2443 2168 2632 2229; x_wconf 83' lang='lat' dir='ltr'><strong>fuisse</strong></span> 
     </span>
     <span class='ocr_line' id='line_1_18' title="bbox 274 2271 2636 2355; baseline -0.003 -24"><span class='ocrx_word' id='word_1_143' title='bbox 274 2271 638 2350; x_wconf 89' lang='lat' dir='ltr'><strong>perhiberet</strong></span> <span class='ocrx_word' id='word_1_144' title='bbox 669 2272 733 2332; x_wconf 93' lang='lat' dir='ltr'><strong>id</strong></span> <span class='ocrx_word' id='word_1_145' title='bbox 763 2274 1175 2355; x_wconf 88' lang='lat' dir='ltr'><strong>conspicuum</strong></span> <span class='ocrx_word' id='word_1_146' title='bbox 1214 2274 1527 2335; x_wconf 72' lang='lat' dir='ltr'><strong>efficiebat</strong></span> <span class='ocrx_word' id='word_1_147' title='bbox 1565 2293 1694 2335; x_wconf 90' lang='lat' dir='ltr'><strong>uno</strong></span> <span class='ocrx_word' id='word_1_148' title='bbox 1737 2272 1915 2353; x_wconf 86' lang='lat' dir='ltr'><strong>quasi</strong></span> <span class='ocrx_word' id='word_1_149' title='bbox 1955 2278 2170 2333; x_wconf 90' lang='lat' dir='ltr'><strong>tenore</strong></span> <span class='ocrx_word' id='word_1_150' title='bbox 2209 2278 2272 2332; x_wconf 90' lang='lat' dir='ltr'><strong>et</strong></span> <span class='ocrx_word' id='word_1_151' title='bbox 2301 2286 2487 2329; x_wconf 87' lang='lat' dir='ltr'><strong>cursu</strong></span> <span class='ocrx_word' id='word_1_152' title='bbox 2518 2283 2636 2346; x_wconf 89' lang='lat' dir='ltr'><strong>per</strong></span> 
     </span>
     <span class='ocr_line' id='line_1_19' title="bbox 277 2367 2628 2453; baseline -0.001 -24"><span class='ocrx_word' id='word_1_153' title='bbox 277 2369 634 2431; x_wconf 88' lang='lat' dir='ltr'><strong>seculorum</strong></span> <span class='ocrx_word' id='word_1_154' title='bbox 660 2371 888 2441; x_wconf 20' lang='lat' dir='ltr'><strong>,seriem</strong></span> <span class='ocrx_word' id='word_1_155' title='bbox 920 2373 1317 2450; x_wconf 89' lang='lat' dir='ltr'><strong>superstitem</strong></span> <span class='ocrx_word' id='word_1_156' title='bbox 1340 2391 1539 2453; x_wconf 90' lang='lat' dir='ltr'><strong>usque</strong></span> <span class='ocrx_word' id='word_1_157' title='bbox 1562 2379 1626 2433; x_wconf 87' lang='lat' dir='ltr'><strong>et</strong></span> <span class='ocrx_word' id='word_1_158' title='bbox 1645 2372 1926 2433; x_wconf 83' lang='lat' dir='ltr'><strong>vivacem</strong></span> <span class='ocrx_word' id='word_1_159' title='bbox 1949 2369 2219 2449; x_wconf 81' lang='lat' dir='ltr'><strong>viguisse</strong></span> <span class='ocrx_word' id='word_1_160' title='bbox 2243 2367 2628 2428; x_wconf 87' lang='lat' dir='ltr'><strong>libertatem.</strong></span> 
     </span>
    </p>

    <p class='ocr_par' dir='ltr' id='par_1_4' title="bbox 265 2456 2629 3819">
     <span class='ocr_line' id='line_1_20' title="bbox 352 2456 2629 2549; baseline -0.003 -23"><span class='ocrx_word' id='word_1_161' title='bbox 352 2468 489 2538; x_wconf 88' lang='lat' dir='ltr'><strong>Quo</strong></span> <span class='ocrx_word' id='word_1_162' title='bbox 536 2466 791 2528; x_wconf 91' lang='lat' dir='ltr'><strong>demum</strong></span> <span class='ocrx_word' id='word_1_163' title='bbox 831 2475 1070 2549; x_wconf 82' lang='lat' dir='ltr'><strong>spectet</strong></span> <span class='ocrx_word' id='word_1_164' title='bbox 1108 2476 1170 2530; x_wconf 91' lang='lat' dir='ltr'><strong>et</strong></span> <span class='ocrx_word' id='word_1_165' title='bbox 1210 2468 1361 2548; x_wconf 91' lang='lat' dir='ltr'><strong>quid</strong></span> <span class='ocrx_word' id='word_1_166' title='bbox 1394 2487 1607 2530; x_wconf 91' lang='lat' dir='ltr'><strong>secum</strong></span> <span class='ocrx_word' id='word_1_167' title='bbox 1648 2469 1810 2530; x_wconf 83' lang='lat' dir='ltr'><strong>ferat</strong></span> <span class='ocrx_word' id='word_1_168' title='bbox 1839 2467 1998 2529; x_wconf 90' lang='lat' dir='ltr'><strong>liber</strong></span> <span class='ocrx_word' id='word_1_169' title='bbox 2025 2466 2101 2528; x_wconf 91' lang='lat' dir='ltr'><strong>de</strong></span> <span class='ocrx_word' id='word_1_170' title='bbox 2133 2456 2629 2525; x_wconf 81' lang='lat' dir='ltr'><strong>Franco-Gallia</strong></span> 
     </span>
     <span class='ocr_line' id='line_1_21' title="bbox 280 2556 2629 2648; baseline -0.002 -25"><span class='ocrx_word' id='word_1_171' title='bbox 280 2560 373 2624; x_wconf 91' lang='lat' dir='ltr'><strong>his</strong></span> <span class='ocrx_word' id='word_1_172' title='bbox 419 2562 721 2627; x_wconf 89' lang='lat' dir='ltr'><strong>brevibus</strong></span> <span class='ocrx_word' id='word_1_173' title='bbox 758 2566 997 2646; x_wconf 88' lang='lat' dir='ltr'><strong>passim</strong></span> <span class='ocrx_word' id='word_1_174' title='bbox 1045 2566 1359 2648; x_wconf 85' lang='lat' dir='ltr'><strong>excerptis</strong></span> <span class='ocrx_word' id='word_1_175' title='bbox 1405 2566 1747 2647; x_wconf 86' lang='lat' dir='ltr'><strong>explanare</strong></span> <span class='ocrx_word' id='word_1_176' title='bbox 1794 2564 2043 2647; x_wconf 87' lang='lat' dir='ltr'><strong>possis:</strong></span> <span class='ocrx_word' id='word_1_177' title='bbox 2091 2588 2122 2622; x_wconf 90' lang='lat'>«</span> <span class='ocrx_word' id='word_1_178' title='bbox 2169 2562 2350 2636; x_wconf 88' lang='lat' dir='ltr'><strong>Ouod</strong></span> <span class='ocrx_word' id='word_1_179' title='bbox 2399 2556 2629 2640; x_wconf 86' lang='lat' dir='ltr'><strong>regalis</strong></span> 
     </span>
     <span class='ocr_line' id='line_1_22' title="bbox 278 2661 2626 2745; baseline -0.002 -24"><span class='ocrx_word' id='word_1_180' title='bbox 278 2661 661 2738; x_wconf 79' lang='lat' dir='ltr'><strong>dominatuS,</strong></span> <span class='ocrx_word' id='word_1_181' title='bbox 696 2663 748 2724; x_wconf 90' lang='lat' dir='ltr'><strong>si</strong></span> <span class='ocrx_word' id='word_1_182' title='bbox 777 2663 909 2725; x_wconf 90' lang='lat' dir='ltr'><strong>sine</strong></span> <span class='ocrx_word' id='word_1_183' title='bbox 940 2664 1117 2726; x_wconf 84' lang='lat' dir='ltr'><strong>freno</strong></span> <span class='ocrx_word' id='word_1_184' title='bbox 1153 2665 1571 2745; x_wconf 87' lang='lat' dir='ltr'><strong>relinquatur,</strong></span> <span class='ocrx_word' id='word_1_185' title='bbox 1595 2664 1704 2726; x_wconf 90' lang='lat' dir='ltr'><strong>ubi</strong></span> <span class='ocrx_word' id='word_1_186' title='bbox 1729 2665 1794 2725; x_wconf 90' lang='lat' dir='ltr'><strong>in</strong></span> <span class='ocrx_word' id='word_1_187' title='bbox 1822 2670 2067 2726; x_wconf 89' lang='lat' dir='ltr'><strong>tantam</strong></span> <span class='ocrx_word' id='word_1_188' title='bbox 2099 2662 2383 2725; x_wconf 89' lang='lat' dir='ltr'><strong>omnium</strong></span> <span class='ocrx_word' id='word_1_189' title='bbox 2417 2676 2626 2719; x_wconf 90' lang='lat' dir='ltr'><strong>rerum</strong></span> 
     </span>
     <span class='ocr_line' id='line_1_23' title="bbox 276 2757 2626 2842; baseline -0.003 -20"><span class='ocrx_word' id='word_1_190' title='bbox 276 2766 675 2839; x_wconf 86' lang='lat' dir='ltr'><strong>potestatem,</strong></span> <span class='ocrx_word' id='word_1_191' title='bbox 731 2770 1034 2842; x_wconf 85' lang='lat' dir='ltr'><strong>tanquam</strong></span> <span class='ocrx_word' id='word_1_192' title='bbox 1077 2763 1142 2824; x_wconf 93' lang='lat' dir='ltr'><strong>in</strong></span> <span class='ocrx_word' id='word_1_193' title='bbox 1190 2763 1568 2826; x_wconf 89' lang='lat' dir='ltr'><strong>ludibricum</strong></span> <span class='ocrx_word' id='word_1_194' title='bbox 1616 2764 1850 2838; x_wconf 91' lang='lat' dir='ltr'><strong>locum,</strong></span> <span class='ocrx_word' id='word_1_195' title='bbox 1899 2762 2163 2831; x_wconf 86' lang='lat' dir='ltr'><strong>venerit,</strong></span> <span class='ocrx_word' id='word_1_196' title='bbox 2217 2757 2512 2822; x_wconf 82' lang='lat' dir='ltr'><strong>facillime</strong></span> <span class='ocrx_word' id='word_1_197' title='bbox 2562 2757 2626 2816; x_wconf 90' lang='lat' dir='ltr'><strong>in</strong></span> 
     </span>
     <span class='ocr_line' id='line_1_24' title="bbox 276 2858 2626 2943; baseline -0.001 -26"><span class='ocrx_word' id='word_1_198' title='bbox 276 2858 673 2936; x_wconf 87' lang='lat' dir='ltr'><strong>tyrannidem</strong></span> <span class='ocrx_word' id='word_1_199' title='bbox 723 2859 1113 2923; x_wconf 89' lang='lat' dir='ltr'><strong>delabitur...</strong></span> <span class='ocrx_word' id='word_1_200' title='bbox 1166 2885 1195 2917; x_wconf 90' lang='lat'>»</span> <span class='ocrx_word' id='word_1_201' title='bbox 1244 2860 1396 2923; x_wconf 87' lang='lat' dir='ltr'><strong>Ideo</strong></span> <span class='ocrx_word' id='word_1_202' title='bbox 1445 2863 1697 2943; x_wconf 90' lang='lat' dir='ltr'><strong>populis</strong></span> <span class='ocrx_word' id='word_1_203' title='bbox 1747 2862 1950 2923; x_wconf 89' lang='lat' dir='ltr'><strong>inesse</strong></span> <span class='ocrx_word' id='word_1_204' title='bbox 2006 2860 2192 2921; x_wconf 86' lang='lat' dir='ltr'><strong>debet</strong></span> <span class='ocrx_word' id='word_1_205' title='bbox 2232 2859 2339 2938; x_wconf 89' lang='lat' dir='ltr'><strong>jus</strong></span> <span class='ocrx_word' id='word_1_206' title='bbox 2391 2862 2462 2916; x_wconf 90' lang='lat' dir='ltr'><strong>ut</strong></span> <span class='ocrx_word' id='word_1_207' title='bbox 2510 2873 2626 2916; x_wconf 88' lang='lat' dir='ltr'><strong>suo</strong></span> 
     </span>
     <span class='ocr_line' id='line_1_25' title="bbox 277 2951 2627 3038; baseline -0.001 -23"><span class='ocrx_word' id='word_1_208' title='bbox 277 2955 534 3018; x_wconf 86' lang='lat' dir='ltr'><strong>arbitrio</strong></span> <span class='ocrx_word' id='word_1_209' title='bbox 574 2957 693 3018; x_wconf 88' lang='lat' dir='ltr'><strong>sibi</strong></span> <span class='ocrx_word' id='word_1_210' title='bbox 720 2964 1030 3020; x_wconf 86' lang='lat' dir='ltr'><strong>rectorem</strong></span> <span class='ocrx_word' id='word_1_211' title='bbox 1062 2959 1364 3038; x_wconf 84' lang='lat' dir='ltr'><strong>deligant,</strong></span> <span class='ocrx_word' id='word_1_212' title='bbox 1398 2984 1428 3016; x_wconf 87' lang='lat'>«</span> <span class='ocrx_word' id='word_1_213' title='bbox 1470 2978 1601 3021; x_wconf 91' lang='lat' dir='ltr'><strong>non</strong></span> <span class='ocrx_word' id='word_1_214' title='bbox 1641 2958 2044 3021; x_wconf 66' lang='lat' dir='ltr'><strong>haereditario</strong></span> <span class='ocrx_word' id='word_1_215' title='bbox 2071 2957 2215 3037; x_wconf 91' lang='lat' dir='ltr'><strong>jure</strong></span> <span class='ocrx_word' id='word_1_216' title='bbox 2255 2955 2362 3016; x_wconf 91' lang='lat' dir='ltr'><strong>sed</strong></span> <span class='ocrx_word' id='word_1_217' title='bbox 2403 2951 2627 3035; x_wconf 90' lang='lat' dir='ltr'><strong>populi</strong></span> 
     </span>
     <span class='ocr_line' id='line_1_26' title="bbox 265 3051 2628 3136; baseline -0.001 -24"><span class='ocrx_word' id='word_1_218' title='bbox 265 3051 504 3132; x_wconf 87' lang='lat' dir='ltr'><strong>judicio</strong></span> <span class='ocrx_word' id='word_1_219' title='bbox 534 3059 597 3114; x_wconf 91' lang='lat' dir='ltr'><strong>et</strong></span> <span class='ocrx_word' id='word_1_220' title='bbox 620 3054 937 3133; x_wconf 78' lang='lat' dir='ltr'><strong>suffragiis</strong></span> <span class='ocrx_word' id='word_1_221' title='bbox 968 3079 1025 3117; x_wconf 89' lang='lat'><strong>».</strong></span> <span class='ocrx_word' id='word_1_222' title='bbox 1061 3057 1467 3118; x_wconf 86' lang='lat' dir='ltr'><strong>Voluntatem</strong></span> <span class='ocrx_word' id='word_1_223' title='bbox 1507 3065 1572 3119; x_wconf 89' lang='lat' dir='ltr'><strong>et</strong></span> <span class='ocrx_word' id='word_1_224' title='bbox 1607 3058 1842 3136; x_wconf 89' lang='lat' dir='ltr'><strong>placita</strong></span> <span class='ocrx_word' id='word_1_225' title='bbox 1882 3055 2156 3136; x_wconf 84' lang='lat' dir='ltr'><strong>cujusvis</strong></span> <span class='ocrx_word' id='word_1_226' title='bbox 2195 3051 2404 3114; x_wconf 90' lang='lat' dir='ltr'><strong>subire</strong></span> <span class='ocrx_word' id='word_1_227' title='bbox 2437 3075 2470 3108; x_wconf 87' lang='lat'>«</span> <span class='ocrx_word' id='word_1_228' title='bbox 2498 3069 2628 3112; x_wconf 92' lang='lat' dir='ltr'><strong>non</strong></span> 
     </span>
     <span class='ocr_line' id='line_1_27' title="bbox 274 3146 2626 3232; baseline -0.001 -23"><span class='ocrx_word' id='word_1_229' title='bbox 274 3146 604 3210; x_wconf 90' lang='lat' dir='ltr'><strong>hominum</strong></span> <span class='ocrx_word' id='word_1_230' title='bbox 635 3149 975 3213; x_wconf 87' lang='lat' dir='ltr'><strong>liberorum</strong></span> <span class='ocrx_word' id='word_1_231' title='bbox 1008 3159 1103 3214; x_wconf 89' lang='lat' dir='ltr'><strong>est</strong></span> <span class='ocrx_word' id='word_1_232' title='bbox 1131 3160 1193 3214; x_wconf 89' lang='lat' dir='ltr'><strong>et</strong></span> <span class='ocrx_word' id='word_1_233' title='bbox 1233 3153 1473 3218; x_wconf 85' lang='lat' dir='ltr'><strong>lumine</strong></span> <span class='ocrx_word' id='word_1_234' title='bbox 1509 3154 1745 3232; x_wconf 83' lang='lat' dir='ltr'><strong>ingenii</strong></span> <span class='ocrx_word' id='word_1_235' title='bbox 1785 3154 2126 3226; x_wconf 88' lang='lat' dir='ltr'><strong>utentium,</strong></span> <span class='ocrx_word' id='word_1_236' title='bbox 2159 3151 2267 3212; x_wconf 89' lang='lat' dir='ltr'><strong>sed</strong></span> <span class='ocrx_word' id='word_1_237' title='bbox 2309 3147 2626 3231; x_wconf 89' lang='lat' dir='ltr'><strong>pecudum</strong></span> 
     </span>
     <span class='ocr_line' id='line_1_28' title="bbox 272 3247 2626 3331; baseline -0.001 -24"><span class='ocrx_word' id='word_1_238' title='bbox 272 3247 477 3325; x_wconf 84' lang='lat' dir='ltr'><strong>potius</strong></span> <span class='ocrx_word' id='word_1_239' title='bbox 524 3254 587 3309; x_wconf 90' lang='lat' dir='ltr'><strong>et</strong></span> <span class='ocrx_word' id='word_1_240' title='bbox 632 3247 963 3310; x_wconf 89' lang='lat' dir='ltr'><strong>brutorum</strong></span> <span class='ocrx_word' id='word_1_241' title='bbox 1013 3250 1260 3311; x_wconf 89' lang='lat' dir='ltr'><strong>consilii</strong></span> <span class='ocrx_word' id='word_1_242' title='bbox 1306 3252 1661 3330; x_wconf 85' lang='lat' dir='ltr'><strong>expertium</strong></span> <span class='ocrx_word' id='word_1_243' title='bbox 1707 3276 1764 3312; x_wconf 87' lang='lat'><strong>».</strong></span> <span class='ocrx_word' id='word_1_244' title='bbox 1809 3254 2033 3331; x_wconf 91' lang='lat' dir='ltr'><strong>Itaque</strong></span> <span class='ocrx_word' id='word_1_245' title='bbox 2090 3273 2120 3306; x_wconf 88' lang='lat'>«</span> <span class='ocrx_word' id='word_1_246' title='bbox 2170 3249 2277 3328; x_wconf 90' lang='lat' dir='ltr'><strong>jus</strong></span> <span class='ocrx_word' id='word_1_247' title='bbox 2329 3265 2516 3308; x_wconf 91' lang='lat' dir='ltr'><strong>omne</strong></span> <span class='ocrx_word' id='word_1_248' title='bbox 2562 3251 2626 3305; x_wconf 90' lang='lat' dir='ltr'><strong>et</strong></span> 
     </span>
     <span class='ocr_line' id='line_1_29' title="bbox 271 3340 2628 3430; baseline -0.001 -26"><span class='ocrx_word' id='word_1_249' title='bbox 271 3343 689 3406; x_wconf 90' lang='lat' dir='ltr'><strong>creandorum</strong></span> <span class='ocrx_word' id='word_1_250' title='bbox 712 3351 776 3406; x_wconf 92' lang='lat' dir='ltr'><strong>et</strong></span> <span class='ocrx_word' id='word_1_251' title='bbox 804 3346 1305 3409; x_wconf 87' lang='lat' dir='ltr'><strong>abdicandorum</strong></span> <span class='ocrx_word' id='word_1_252' title='bbox 1346 3367 1564 3426; x_wconf 87' lang='lat' dir='ltr'><strong>regum</strong></span> <span class='ocrx_word' id='word_1_253' title='bbox 1607 3367 1801 3430; x_wconf 89' lang='lat' dir='ltr'><strong>penes</strong></span> <span class='ocrx_word' id='word_1_254' title='bbox 1839 3349 2121 3409; x_wconf 86' lang='lat' dir='ltr'><strong>solemne</strong></span> <span class='ocrx_word' id='word_1_255' title='bbox 2163 3345 2368 3425; x_wconf 81' lang='lat' dir='ltr'><strong>gentis</strong></span> <span class='ocrx_word' id='word_1_256' title='bbox 2410 3340 2628 3405; x_wconf 90' lang='lat' dir='ltr'><strong>conci-</strong></span> 
     </span>
     <span class='ocr_line' id='line_1_30' title="bbox 272 3438 2624 3523; baseline 0 -23"><span class='ocrx_word' id='word_1_257' title='bbox 272 3439 499 3502; x_wconf 88' lang='lat' dir='ltr'><strong>lium...</strong></span> <span class='ocrx_word' id='word_1_258' title='bbox 554 3438 872 3522; x_wconf 84' lang='lat' dir='ltr'><strong>Depositio</strong></span> <span class='ocrx_word' id='word_1_259' title='bbox 922 3445 1085 3522; x_wconf 84' lang='lat' dir='ltr'><strong>regis</strong></span> <span class='ocrx_word' id='word_1_260' title='bbox 1133 3451 1196 3506; x_wconf 86' lang='lat' dir='ltr'><strong>et</strong></span> <span class='ocrx_word' id='word_1_261' title='bbox 1253 3445 1509 3506; x_wconf 90' lang='lat' dir='ltr'><strong>alterius</strong></span> <span class='ocrx_word' id='word_1_262' title='bbox 1563 3446 1878 3506; x_wconf 87' lang='lat' dir='ltr'><strong>institutio</strong></span> <span class='ocrx_word' id='word_1_263' title='bbox 1939 3464 2066 3506; x_wconf 90' lang='lat' dir='ltr'><strong>non</strong></span> <span class='ocrx_word' id='word_1_264' title='bbox 2124 3444 2206 3505; x_wconf 88' lang='lat' dir='ltr'><strong>ad</strong></span> <span class='ocrx_word' id='word_1_265' title='bbox 2253 3443 2624 3523; x_wconf 90' lang='lat' dir='ltr'><strong>episcopum</strong></span> 
     </span>
     <span class='ocr_line' id='line_1_31' title="bbox 270 3540 2625 3624; baseline 0 -25"><span class='ocrx_word' id='word_1_266' title='bbox 270 3544 515 3600; x_wconf 87' lang='lat' dir='ltr'><strong>tantum</strong></span> <span class='ocrx_word' id='word_1_267' title='bbox 555 3540 771 3616; x_wconf 89' lang='lat' dir='ltr'><strong>modo,</strong></span> <span class='ocrx_word' id='word_1_268' title='bbox 814 3560 1018 3622; x_wconf 87' lang='lat' dir='ltr'><strong>neque</strong></span> <span class='ocrx_word' id='word_1_269' title='bbox 1056 3543 1137 3603; x_wconf 91' lang='lat' dir='ltr'><strong>ad</strong></span> <span class='ocrx_word' id='word_1_270' title='bbox 1180 3543 1475 3604; x_wconf 89' lang='lat' dir='ltr'><strong>clericum</strong></span> <span class='ocrx_word' id='word_1_271' title='bbox 1520 3543 1821 3624; x_wconf 88' lang='lat' dir='ltr'><strong>aliquem,</strong></span> <span class='ocrx_word' id='word_1_272' title='bbox 1864 3548 1976 3605; x_wconf 89' lang='lat' dir='ltr'><strong>aut</strong></span> <span class='ocrx_word' id='word_1_273' title='bbox 2013 3541 2387 3603; x_wconf 91' lang='lat' dir='ltr'><strong>clericorum</strong></span> <span class='ocrx_word' id='word_1_274' title='bbox 2428 3540 2625 3601; x_wconf 85' lang='lat' dir='ltr'><strong>colle·</strong></span> 
     </span>
     <span class='ocr_line' id='line_1_32' title="bbox 270 3637 2624 3719; baseline 0.001 -22"><span class='ocrx_word' id='word_1_275' title='bbox 270 3637 440 3715; x_wconf 80' lang='lat' dir='ltr'><strong>gium</strong></span> <span class='ocrx_word' id='word_1_276' title='bbox 481 3639 777 3719; x_wconf 87' lang='lat' dir='ltr'><strong>pertinet,</strong></span> <span class='ocrx_word' id='word_1_277' title='bbox 816 3639 925 3701; x_wconf 88' lang='lat' dir='ltr'><strong>sed</strong></span> <span class='ocrx_word' id='word_1_278' title='bbox 962 3640 1040 3702; x_wconf 91' lang='lat' dir='ltr'><strong>ad</strong></span> <span class='ocrx_word' id='word_1_279' title='bbox 1085 3640 1559 3704; x_wconf 87' lang='lat' dir='ltr'><strong>universitatem</strong></span> <span class='ocrx_word' id='word_1_280' title='bbox 1597 3643 1826 3705; x_wconf 89' lang='lat' dir='ltr'><strong>civium</strong></span> <span class='ocrx_word' id='word_1_281' title='bbox 1874 3639 2370 3702; x_wconf 87' lang='lat' dir='ltr'><strong>inhabitantium</strong></span> <span class='ocrx_word' id='word_1_282' title='bbox 2419 3639 2624 3717; x_wconf 87' lang='lat' dir='ltr'><strong>regio—</strong></span> 
     </span>
     <span class='ocr_line' id='line_1_33' title="bbox 269 3735 2419 3819; baseline -0 -24"><span class='ocrx_word' id='word_1_283' title='bbox 269 3753 435 3807; x_wconf 90' lang='lat' dir='ltr'><strong>nem,</strong></span> <span class='ocrx_word' id='word_1_284' title='bbox 467 3735 568 3796; x_wconf 84' lang='lat' dir='ltr'><strong>vel</strong></span> <span class='ocrx_word' id='word_1_285' title='bbox 597 3735 929 3813; x_wconf 88' lang='lat' dir='ltr'><strong>nobilium,</strong></span> <span class='ocrx_word' id='word_1_286' title='bbox 964 3738 1061 3799; x_wconf 90' lang='lat' dir='ltr'><strong>vel</strong></span> <span class='ocrx_word' id='word_1_287' title='bbox 1092 3738 1375 3819; x_wconf 86' lang='lat' dir='ltr'><strong>ipsorum</strong></span> <span class='ocrx_word' id='word_1_288' title='bbox 1407 3739 1822 3802; x_wconf 89' lang='lat' dir='ltr'><strong>valentiorem</strong></span> <span class='ocrx_word' id='word_1_289' title='bbox 1854 3738 2351 3800; x_wconf 87' lang='lat' dir='ltr'><strong>multitudinem.</strong></span> <span class='ocrx_word' id='word_1_290' title='bbox 2388 3761 2419 3793; x_wconf 89' lang='lat'>»</span> 
     </span>
    </p>

    <p class='ocr_par' dir='ltr' id='par_1_5' title="bbox 260 3833 2624 4506">
     <span class='ocr_line' id='line_1_34' title="bbox 345 3833 2622 3919; baseline 0.001 -26"><span class='ocrx_word' id='word_1_291' title='bbox 345 3833 503 3894; x_wconf 89' lang='lat' dir='ltr'><strong>Miro</strong></span> <span class='ocrx_word' id='word_1_292' title='bbox 535 3836 751 3896; x_wconf 82' lang='lat' dir='ltr'><strong>favore</strong></span> <span class='ocrx_word' id='word_1_293' title='bbox 781 3843 843 3896; x_wconf 91' lang='lat' dir='ltr'><strong>et</strong></span> <span class='ocrx_word' id='word_1_294' title='bbox 872 3836 1081 3898; x_wconf 91' lang='lat' dir='ltr'><strong>studio</strong></span> <span class='ocrx_word' id='word_1_295' title='bbox 1113 3845 1413 3917; x_wconf 88' lang='lat' dir='ltr'><strong>exceptus</strong></span> <span class='ocrx_word' id='word_1_296' title='bbox 1443 3845 1536 3899; x_wconf 90' lang='lat' dir='ltr'><strong>est</strong></span> <span class='ocrx_word' id='word_1_297' title='bbox 1570 3838 1730 3901; x_wconf 91' lang='lat' dir='ltr'><strong>liber</strong></span> <span class='ocrx_word' id='word_1_298' title='bbox 1768 3845 1832 3900; x_wconf 91' lang='lat' dir='ltr'><strong>et</strong></span> <span class='ocrx_word' id='word_1_299' title='bbox 1867 3838 2211 3919; x_wconf 83' lang='lat' dir='ltr'><strong>saepissime</strong></span> <span class='ocrx_word' id='word_1_300' title='bbox 2248 3835 2413 3917; x_wconf 88' lang='lat' dir='ltr'><strong>typis</strong></span> <span class='ocrx_word' id='word_1_301' title='bbox 2447 3835 2622 3896; x_wconf 81' lang='lat' dir='ltr'><strong>effic-</strong></span> 
     </span>
     <span class='ocr_line' id='line_1_35' title="bbox 268 3917 2624 4016; baseline 0 -24"><span class='ocrx_word' id='word_1_302' title='bbox 268 3937 393 4008; x_wconf 89' lang='lat' dir='ltr'><strong>tus,</strong></span> <span class='ocrx_word' id='word_1_303' title='bbox 445 3931 753 4014; x_wconf 89' lang='lat' dir='ltr'><strong>avideque</strong></span> <span class='ocrx_word' id='word_1_304' title='bbox 805 3934 997 3996; x_wconf 88' lang='lat' dir='ltr'><strong>trium</strong></span> <span class='ocrx_word' id='word_1_305' title='bbox 1058 3935 1405 3997; x_wconf 89' lang='lat' dir='ltr'><strong>editionum</strong></span> <span class='ocrx_word' id='word_1_306' title='bbox 1462 3936 1852 4016; x_wconf 86' lang='lat' dir='ltr'><strong>exemplaria</strong></span> <span class='ocrx_word' id='word_1_307' title='bbox 1905 3936 2075 3997; x_wconf 90' lang='lat' dir='ltr'><strong>intra</strong></span> <span class='ocrx_word' id='word_1_308' title='bbox 2131 3953 2325 3995; x_wconf 89' lang='lat' dir='ltr'><strong>unum</strong></span> <span class='ocrx_word' id='word_1_309' title='bbox 2383 3917 2624 3994; x_wconf 84' lang='lat' dir='ltr'><strong>annu11&#39;1</strong></span> 
     </span>
     <span class='ocr_line' id='line_1_36' title="bbox 266 4030 2624 4112; baseline 0 -23"><span class='ocrx_word' id='word_1_310' title='bbox 266 4030 556 4110; x_wconf 88' lang='lat' dir='ltr'><strong>abrepta,</strong></span> <span class='ocrx_word' id='word_1_311' title='bbox 594 4032 783 4092; x_wconf 89' lang='lat' dir='ltr'><strong>simul</strong></span> <span class='ocrx_word' id='word_1_312' title='bbox 821 4038 1011 4112; x_wconf 87' lang='lat' dir='ltr'><strong>atque</strong></span> <span class='ocrx_word' id='word_1_313' title='bbox 1056 4033 1123 4094; x_wconf 90' lang='lat' dir='ltr'><strong>in</strong></span> <span class='ocrx_word' id='word_1_314' title='bbox 1161 4033 1461 4112; x_wconf 86' lang='lat' dir='ltr'><strong>gallicum</strong></span> <span class='ocrx_word' id='word_1_315' title='bbox 1509 4051 1863 4095; x_wconf 90' lang='lat' dir='ltr'><strong>sermonem</strong></span> <span class='ocrx_word' id='word_1_316' title='bbox 1915 4055 1954 4096; x_wconf 91' lang='lat' dir='ltr'><strong>a</strong></span> <span class='ocrx_word' id='word_1_317' title='bbox 2001 4035 2256 4096; x_wconf 89' lang='lat' dir='ltr'><strong>Simone</strong></span> <span class='ocrx_word' id='word_1_318' title='bbox 2298 4031 2624 4093; x_wconf 85' lang='lat' dir='ltr'><strong>Goulartio</strong></span> 
     </span>
     <span class='ocr_line' id='line_1_37' title="bbox 263 4126 2619 4213; baseline -0 -25"><span class='ocrx_word' id='word_1_319' title='bbox 263 4145 425 4208; x_wconf 91' lang='lat' dir='ltr'><strong>opus</strong></span> <span class='ocrx_word' id='word_1_320' title='bbox 453 4126 853 4190; x_wconf 87' lang='lat' dir='ltr'><strong>translatum.</strong></span> <span class='ocrx_word' id='word_1_321' title='bbox 879 4131 1043 4192; x_wconf 90' lang='lat' dir='ltr'><strong>Sane</strong></span> <span class='ocrx_word' id='word_1_322' title='bbox 1073 4150 1112 4192; x_wconf 92' lang='lat' dir='ltr'><strong>a</strong></span> <span class='ocrx_word' id='word_1_323' title='bbox 1144 4130 1537 4212; x_wconf 88' lang='lat' dir='ltr'><strong>principibus</strong></span> <span class='ocrx_word' id='word_1_324' title='bbox 1567 4131 1893 4192; x_wconf 87' lang='lat' dir='ltr'><strong>catholicis</strong></span> <span class='ocrx_word' id='word_1_325' title='bbox 1925 4130 2284 4213; x_wconf 85' lang='lat' dir='ltr'><strong>prohibitus</strong></span> <span class='ocrx_word' id='word_1_326' title='bbox 2314 4135 2407 4192; x_wconf 90' lang='lat' dir='ltr'><strong>est</strong></span> <span class='ocrx_word' id='word_1_327' title='bbox 2436 4128 2619 4206; x_wconf 90' lang='lat' dir='ltr'><strong>liber,</strong></span> 
     </span>
     <span class='ocr_line' id='line_1_38' title="bbox 264 4225 2617 4311; baseline 0.001 -26"><span class='ocrx_word' id='word_1_328' title='bbox 264 4226 372 4287; x_wconf 89' lang='lat' dir='ltr'><strong>sed</strong></span> <span class='ocrx_word' id='word_1_329' title='bbox 412 4225 573 4288; x_wconf 90' lang='lat' dir='ltr'><strong>nihil</strong></span> <span class='ocrx_word' id='word_1_330' title='bbox 611 4226 781 4288; x_wconf 88' lang='lat' dir='ltr'><strong>aliud</strong></span> <span class='ocrx_word' id='word_1_331' title='bbox 831 4229 1184 4308; x_wconf 86' lang='lat' dir='ltr'><strong>profectum</strong></span> <span class='ocrx_word' id='word_1_332' title='bbox 1238 4236 1332 4292; x_wconf 91' lang='lat' dir='ltr'><strong>est</strong></span> <span class='ocrx_word' id='word_1_333' title='bbox 1370 4249 1562 4311; x_wconf 86' lang='lat' dir='ltr'><strong>quam</strong></span> <span class='ocrx_word' id='word_1_334' title='bbox 1618 4237 1685 4291; x_wconf 87' lang='lat' dir='ltr'><strong>ut</strong></span> <span class='ocrx_word' id='word_1_335' title='bbox 1729 4229 1918 4292; x_wconf 89' lang='lat' dir='ltr'><strong>latius</strong></span> <span class='ocrx_word' id='word_1_336' title='bbox 1965 4235 2360 4311; x_wconf 85' lang='lat' dir='ltr'><strong>propagatus</strong></span> <span class='ocrx_word' id='word_1_337' title='bbox 2397 4228 2617 4288; x_wconf 86' lang='lat' dir='ltr'><strong>fuerit.</strong></span> 
     </span>
     <span class='ocr_line' id='line_1_39' title="bbox 263 4323 2622 4410; baseline 0.001 -26"><span class='ocrx_word' id='word_1_338' title='bbox 263 4323 403 4404; x_wconf 89' lang='lat' dir='ltr'><strong>Ipse</strong></span> <span class='ocrx_word' id='word_1_339' title='bbox 434 4326 831 4387; x_wconf 90' lang='lat' dir='ltr'><strong>Hotomanus</strong></span> <span class='ocrx_word' id='word_1_340' title='bbox 861 4328 1073 4403; x_wconf 82' lang='lat' dir='ltr'><strong>refert,</strong></span> <span class='ocrx_word' id='word_1_341' title='bbox 1107 4328 1173 4388; x_wconf 92' lang='lat' dir='ltr'><strong>in</strong></span> <span class='ocrx_word' id='word_1_342' title='bbox 1204 4328 1474 4407; x_wconf 89' lang='lat' dir='ltr'><strong>epistola</strong></span> <span class='ocrx_word' id='word_1_343' title='bbox 1512 4328 1612 4389; x_wconf 92' lang='lat' dir='ltr'><strong>die</strong></span> <span class='ocrx_word' id='word_1_344' title='bbox 1651 4327 1920 4409; x_wconf 88' lang='lat' dir='ltr'><strong>septima</strong></span> <span class='ocrx_word' id='word_1_345' title='bbox 1952 4327 2236 4410; x_wconf 78' lang='lat' dir='ltr'><strong>Januarii</strong></span> <span class='ocrx_word' id='word_1_346' title='bbox 2275 4327 2423 4390; x_wconf 89' lang='lat' dir='ltr'><strong>anni</strong></span> <span class='ocrx_word' id='word_1_347' title='bbox 2465 4327 2622 4387; x_wconf 83' lang='lat'>1575</span> 
     </span>
     <span class='ocr_line' id='line_1_40' title="bbox 260 4421 2622 4506; baseline 0.003 -25"><span class='ocrx_word' id='word_1_348' title='bbox 260 4421 524 4502; x_wconf 87' lang='lat' dir='ltr'><strong>scripta,</strong></span> <span class='ocrx_word' id='word_1_349' title='bbox 548 4423 876 4502; x_wconf 88' lang='lat' dir='ltr'><strong>quondam</strong></span> <span class='ocrx_word' id='word_1_350' title='bbox 906 4441 945 4484; x_wconf 90' lang='lat' dir='ltr'><strong>a</strong></span> <span class='ocrx_word' id='word_1_351' title='bbox 972 4425 1301 4487; x_wconf 80' lang='lat' dir='ltr'><strong>Sabaudiae</strong></span> <span class='ocrx_word' id='word_1_352' title='bbox 1325 4443 1618 4506; x_wconf 86' lang='lat' dir='ltr'><strong>praecone</strong></span> <span class='ocrx_word' id='word_1_353' title='bbox 1640 4425 2065 4505; x_wconf 87' lang='lat' dir='ltr'><strong>proclamatas</strong></span> <span class='ocrx_word' id='word_1_354' title='bbox 2086 4445 2216 4488; x_wconf 87' lang='lat' dir='ltr'><strong>esse</strong></span> <span class='ocrx_word' id='word_1_355' title='bbox 2242 4425 2319 4487; x_wconf 84' lang='lat' dir='ltr'><strong>de</strong></span> <span class='ocrx_word' id='word_1_356' title='bbox 2343 4425 2622 4488; x_wconf 85' lang='lat' dir='ltr'><strong>Franco-</strong></span> 
     </span>
    </p>
   </div>
  </div>
 </body>
</html>
