3131 5145
1284 446 1483 517 —⁴79
1520 482 1601 491 ...-

256 585 579 646 effrenatae
611 581 878 643 licentiae
910 588 1193 660 tempore
1224 580 1618 660 publicatum
1645 586 1757 652 est,
1793 598 1994 659 eoque
2025 580 2250 641 rabula
2273 581 2607 663 impuden-

254 682 531 743 tissimus
572 682 907 741 innumera
958 680 1126 740 dictu
1176 679 1347 741 foeda
1398 686 1463 740 et
1508 678 1724 739 auditu
1776 678 2094 739 horrenda
2138 698 2252 759 per
2295 699 2610 744 summam

254 780 638 843 calumniam
668 778 803 856 regi
833 777 1177 857 affingebat
1207 780 1250 838 ¹.
1284 801 1316 833 »

258 945 271 951 Α
334 876 529 937 Multo
560 876 815 955 longius
846 882 1282 954 processerant
1306 876 1370 935 iu
1400 872 1776 935 rebellando
1804 873 2092 934 Henotici
2133 894 2326 953 quam
2367 883 2612 954 protes·
2637 907 2640 909 v

258 981 485 1051 tantes,
532 992 811 1053 namque
848 991 1061 1051 regem
1097 992 1175 1033 ex
1214 974 1365 1033 urbe
1400 973 1741 1052 expulsum
1781 972 1957 1049 regia
1997 972 2300 1049 dignitate
2352 974 2610 1035 abdica-

256 1080 501 1134 verant.
552 1073 648 1132 Ad
692 1070 860 1152 quod
910 1071 1151 1131 facinus
1199 1072 1604 1151 purgandum
1656 1076 1720 1132 et
1765 1070 2233 1148 explanandum
2277 1071 2617 1133 adhibetur

256 1170 525 1231 Bucheri
566 1170 747 1231 liber.
797 1169 891 1229 Ad
939 1168 1304 1229 universum
1348 1168 1544 1247 igitur
1586 1169 1690 1247 jus
1743 1167 2080 1229 abdicandi
2137 1187 2315 1247 reges
2373 1177 2612 1249 spectat

261 1267 487 1341 oratio,
530 1274 594 1328 et
630 1265 1035 1346 singulariter
1072 1266 1349 1326 defendit
1388 1268 1452 1326 in
1486 1266 1759 1349 Henrico
1813 1266 1994 1326 tertio
2037 1265 2432 1327 adhibitum:
2459 1265 2613 1331 Inde

260 1367 320 1426 in
352 1373 632 1446 quatuor
660 1370 868 1445 partes
898 1364 1057 1423 liber
1087 1362 1178 1424 De
1192 1364 1373 1444 justa
1404 1363 1787 1424 abdicatione
1818 1363 2070 1437 divisuS,
2105 1382 2374 1443 quarum
2407 1366 2612 1444 prima

261 1465 337 1524 de
367 1464 514 1543 jure
553 1461 886 1522 abdicandi
926 1480 1103 1537 reges
1142 1461 1421 1535 disserit3
1461 1461 1740 1522 secunda
1777 1462 1854 1520 de
1892 1460 2096 1521 causis
2139 1460 2434 1539 legitimis
2468 1482 2611 1543 quae

260 1560 589 1622 ecclesiam
637 1565 923 1638 spectant
961 1559 1297 1620 Henricum
1342 1560 1594 1620 tertium
1657 1559 2024 1632 abdicandi;
2072 1558 2260 1620 tertia
2299 1560 2375 1620 de
2411 1562 2622 1622 causis·

260 1658 555 1738 legitimis
585 1652 727 1737 quae
756 1660 907 1717 Rem
918 1657 1233 1736 publicam
1268 1664 1598 1737 spectant3
1629 1664 1855 1737 quarta
1881 1657 2108 1735 quibus
2135 1658 2338 1717 modis
2367 1659 2612 1720 formu·

263 1754 415 1817 lisve
464 1754 768 1815 utendum
814 1755 893 1815 sit
938 1754 1001 1813 in
1056 1754 1433 1815 abdicando.
1484 1756 1558 1814 In
1615 1754 1921 1834 perlonga
1967 1753 2080 1815 illa
2130 1754 2607 1834 disceptatione,
2669 1740 2674 1745 ’

177 1914 179 1916 ,
259 1870 454 1932 quam
487 1870 565 1911 ne
595 1851 772 1912 brevi
802 1850 1058 1930 quidem
1092 1851 1626 1912 commentatione
1667 1870 2027 1930 sequemur,
2057 1850 2228 1911 solus
2267 1857 2360 1912 est
2396 1839 2615 1914 tertius

260 1950 421 2010 liber
446 1949 556 2028 qui
586 1948 795 2009 studio
831 1949 1011 2009 nobis
1036 1956 1099 2009 et
1136 1968 1303 2010 curae
1340 1968 1473 2010 esse
1508 1948 1736 2009 debeat
1769 1954 1844 2032 ¹²²,
1874 1948 2062 2028 plane
2100 1968 2244 2009 cum
2286 1950 2610 2029 proposito

260 2065 615 2125 congruens
650 2064 664 2105 :
700 2045 774 2105 de
800 2045 1006 2119 causis
1038 2044 1357 2125 legitimis,
1394 2066 1535 2126 quae
1585 2046 2062 2127 Rempublicam
2107 2052 2415 2129 spectant,
2450 2048 2612 2108 Hen-

258 2144 455 2205 ricum
493 2144 744 2205 tertium
777 2144 1165 2227 abdicandi·

344 2242 683 2302 Exorditur
708 2242 789 2302 ab
826 2242 1185 2320 objiciendo
1227 2243 1359 2321 regi
1399 2236 1728 2321 perfidiam
1764 2248 1826 2303 et
1865 2241 2035 2321 quod
2083 2242 2444 2322 reipublicae
2483 2263 2614 2305 ma-

254 2339 551 2417 jestatem
581 2346 644 2401 et
669 2345 794 2401 tres
821 2340 1049 2400 civium
1068 2339 1339 2418 ordineS,
1368 2339 1636 2420 publicis
1656 2339 1936 2419 pecuniis
1955 2340 2318 2419 deperditis,
2345 2340 2606 2416 laeserit;

260 2438 402 2498 dein
435 2444 777 2518 tyrannum
806 2445 869 2498 et
896 2438 1117 2516 patriae
1149 2437 1473 2499 inimicum
1517 2457 1650 2499 esse
1694 2457 1908 2515 regem
1944 2438 2334 2517 pronuntiat,
2369 2446 2432 2499 et
2462 2446 2610 2501 tunc

261 2535 335 2595 de
367 2534 786 2616 tyrannicidio
821 2535 1091 2597 instituit
1116 2535 1549 2598 disserendum
1593 2537 1887 2598 solertius
1929 2536 2184 2616 quidem
2221 2543 2283 2598 et
2322 2536 2612 2600 subtilius

260 2651 454 2712 quam
484 2651 601 2711 pro
632 2633 829 2694 solitis
858 2632 1122 2694 artibus,

337 2731 617 2790 Primum
654 2731 946 2811 perhibet
964 2736 1305 2817 tyrannum
1332 2751 1369 2792 a
1392 2732 1714 2812 republica
1729 2733 1896 2811 juste
1919 2733 2082 2811 ejici,
2109 2733 2612 2812 sententiamque

258 2827 705 2905 theologorum
760 2835 1001 2888 tutatur
1046 2829 1351 2910 exemplis
1406 2830 1486 2891 ab
1540 2830 1916 2908 antiquitate
1967 2837 2028 2890 et
2077 2848 2256 2890 sacra
2301 2831 2612 2909 scriptura

259 2926 519 2988 eductis,
583 2926 703 2988 Sed
760 2946 889 3005 qua
946 2933 1079 2987 arte
1132 2934 1193 2988 et
1252 2927 1481 3007 quibus
1542 2927 1748 2988 modis
1803 2934 2108 3007 tyrannus
2173 2927 2614 3004 dignoscetur?

261 3048 289 3078 α
319 3027 685 3103 Tyrannum
714 3023 961 3084 duobus
987 3021 1191 3086 modis
1218 3025 1484 3104 intelligi
1512 3033 1808 3086 constans
1834 3025 2275 3101 theologorum
2303 3026 2614 3087 sententia

259 3128 371 3194 est,
407 3139 535 3181 uno
572 3121 785 3194 modo,
814 3121 866 3181 si
908 3121 1049 3201 quis
1076 3122 1472 3183 dominatum
1504 3124 1736 3202 injuste
1777 3122 2096 3196 invaserit,
2131 3121 2355 3198 altere,
2388 3123 2440 3183 si
2474 3123 2615 3203 quis

258 3216 586 3278 dominatu
609 3217 777 3296 juste
811 3219 1115 3304 acquisito
1147 3239 1339 3298 prave
1382 3222 1700 3294 abutatur,
1735 3239 2004 3300 eumque
2045 3221 2274 3299 injuste
2308 3219 2612 3280 adminis-

260 3320 399 3377 tret.
454 3315 590 3375 Duo
627 3333 776 3394 ergo
821 3335 965 3392 cum
1005 3317 1150 3390 sint,
1204 3336 1345 3396 quae
1384 3317 1459 3378 de
1505 3317 1852 3397 Republica
1899 3336 1976 3377 an
2027 3317 2085 3376 ei
2132 3317 2195 3376 in
2245 3325 2608 3396 tyrannum,

261 3419 529 3492 utroque
573 3412 763 3473 modo
810 3421 1155 3494 sumptum,
1214 3415 1469 3488 liceant,
1526 3415 1906 3494 inquiratur,
1950 3433 2030 3474 an
2079 3414 2316 3474 scilicet
2365 3415 2612 3493 privare

258 3527 401 3570 eum
444 3509 753 3588 dignitate
797 3512 1014 3589 possit,
1060 3531 1139 3572 an
1190 3512 1379 3573 etiam
1421 3512 1704 3573 occidere
1752 3531 1765 3571 :
1817 3513 1892 3572 de
1933 3513 2142 3591 priore
2193 3511 2609 3573 dubitandum

256 3614 439 3682 esset,
468 3606 589 3666 nisi
618 3607 875 3687 perinde
906 3608 1063 3669 illud
1088 3609 1252 3670 soret
1280 3627 1352 3670 ac
1381 3606 1688 3688 quaerere,
1717 3608 1781 3668 in
1817 3627 1890 3670 eo
1917 3608 2168 3689 quidem
2200 3609 2310 3690 qui
2345 3609 2606 3688 invadit,

255 3723 333 3764 an
373 3709 700 3784 raptorem
739 3704 925 3767 liceat
958 3707 1034 3768 de
1076 3706 1284 3768 aliena
1319 3706 1715 3786 possessione
1750 3706 2045 3785 dejicere,
2089 3707 2153 3766 in
2188 3725 2262 3768 eo
2305 3725 2454 3768 vero
2503 3706 2610 3787 qui

253 3801 555 3877 abutitur,
602 3821 684 3862 an
746 3803 1028 3882 gladium
1082 3804 1271 3865 liceat
1315 3803 1551 3866 furioso
1605 3804 1886 3866 adimere
1898 3851 2019 3866 .....
2073 3823 2217 3865 cum
2267 3804 2472 3865 omnis
2519 3809 2612 3863 est

252 3899 607 3976 periculosa
646 3899 890 3973 seditiO,
938 3908 1073 3961 tum
1105 3901 1314 3980 justas
1357 3900 1727 3981 aliquandO,
1761 3902 1888 3962 imo
1929 3908 1990 3962 et
2030 3901 2414 3962 necessarias
2452 3917 2605 3960 esse.

248 3994 501 4056 Nullam
555 4002 769 4057 autem
821 4016 1025 4078 neque
1072 3983 1440 4078 justiorem,
1484 3985 1689 4076 neque
1739 3997 1940 4076 magis
1982 3997 2398 4058 necessariam
2449 4014 2604 4070 esse,

248 4110 439 4171 quam
486 4111 685 4171 quum
734 4094 993 4172 tyranni
1035 4094 1415 4155 crudelitate
1460 4112 1801 4174 oppressus
1845 4093 2140 4173 populuS‚
2192 4093 2272 4153 ab
2317 4093 2608 4154 universo
2699 4147 2707 4160 ,

245 4188 478 4249 civium
507 4188 788 4266 legitime
815 4195 1345 4270 congregatorum
1380 4197 1548 4252 coetu
1579 4191 1882 4251 auxilium
1921 4191 2107 4270 petit.
2154 4214 2182 4245 »

314 4403 359 4451 ι.
394 4401 509 4452 Lib.
540 4401 831 4462 Lxxxxv‚
861 4404 989 4460 510.
