3131 5145
1314 417 1633 481 ..33-

278 571 543 613 sensum
572 598 589 629 ,
647 569 1004 630 novamque
1065 569 1276 611 rerum
1340 553 1738 632 publicarum
1806 553 2118 616 rationem
2184 574 2486 636 peperere
2512 603 2526 630 ,
2585 563 2648 619 et

280 650 540 711 animos
567 649 903 720 ferociores
934 667 1007 710 ac
1038 649 1417 729 populorum
1455 650 1737 713 libertati
1764 652 2109 734 impensius
2145 652 2427 715 faventes
2460 674 2473 715 :
2503 674 2644 735 quas

280 766 486 828 quum
539 745 888 807 diutissime
932 745 996 806 in
1041 747 1268 807 animis
1313 748 1807 828 parturientibus
1850 749 2203 812 refocillata
2254 757 2481 825 essent,
2524 752 2645 813 ali·
2700 787 2705 792 ·

283 845 552 926 quando
584 849 932 922 eruperunt
958 850 1020 904 et
1049 843 1279 906 furiose
1312 852 1454 925 post
1479 845 2015 908 Bartholomaeam
2046 847 2213 908 diem
2257 847 2649 910 debacchata

284 951 432 1006 sunt
469 944 513 1002 ¹.

371 1041 680 1103 Ceterum.
704 1039 1008 1119 quamdiu
1041 1038 1483 1117 theologorum
1514 1041 1927 1120 inspiratione
1957 1041 2314 1122 etauspicio
2333 1062 2433 1102 res
2454 1048 2645 1120 gestae

289 1147 437 1201 sunt
488 1136 983 1214 reformationiS,
1030 1154 1154 1215 pax
1203 1137 1599 1214 agitabatur;
1652 1139 1718 1198 in
1776 1139 2189 1220 propaganda
2230 1139 2352 1200 fide
2398 1146 2461 1200 et
2512 1139 2644 1199 alli·

289 1237 530 1298 ciendis
561 1234 968 1315 persuasione
999 1234 1224 1296 animis
1254 1254 1506 1296 omnem
1537 1255 1796 1317 operam
1822 1236 2297 1317 impendebant,
2323 1237 2645 1315 negligen-

291 1341 517 1414 terque
557 1333 698 1393 aliis
734 1338 796 1393 et-
838 1331 1157 1393 mercedes
1196 1339 1257 1394 et
1298 1334 1625 1411 fructuosa
1670 1352 1936 1394 munera
1983 1341 2045 1395 et
2095 1335 2535 1397 auctoritatem
2583 1335 2647 1396 in

293 1431 483 1510 regiis
513 1428 1008 1510 popularibusve
1037 1429 1314 1491 consiliis
1340 1430 1813 1493 condonabant.
1848 1430 1968 1492 Sed
2001 1450 2196 1511 quum
2233 1431 2651 1511 procurandis

291 1549 476 1591 novae
512 1526 838 1606 religionis
887 1527 1075 1588 rebus
1103 1528 1430 1608 praepositi
1470 1534 1617 1588 sunt
1663 1531 1979 1590 Navarrus
2018 1535 2080 1589 et
2120 1529 2450 1608 CondaeuS,
2486 1548 2650 1591 nova

291 1633 630 1705 concepta,
691 1623 964 1705 novique
1022 1624 1354 1685 instinctus
1401 1624 1811 1704 praevaluere.
1846 1625 2153 1699 ArtificeS‚
2186 1626 2420 1706 privati
2459 1627 2646 1700 civeS,

291 1724 576 1804 clerique
606 1723 879 1785 humiles
907 1721 1007 1784 vel
1039 1722 1390 1783 litterarum
1429 1722 1671 1784 alumni
1710 1723 1793 1784 ad
1830 1723 2207 1804 supplicium
2247 1725 2490 1804 proripi
2529 1744 2649 1805 po-

291 1827 553 1883 tuerant
613 1839 741 1881 non
793 1825 1250 1900 repugnantes;
1293 1820 1400 1882 sed
1440 1819 1685 1882 nobiles
1737 1819 1831 1880 illi
1889 1821 2007 1881 viri
2054 1821 2359 1900 gladium,
2425 1821 2535 1900 qui
2586 1821 2650 1882 in

291 1926 603 2001 promptu
636 1925 819 1993 esset,
852 1919 914 1978 in
948 1919 1078 1980 otio
1108 1924 1359 1998 torpere
1395 1937 1520 1979 non
1562 1919 1996 1980 sustinuerunt
2031 1927 2094 1980 et
2126 1919 2210 1979 ad
2241 1919 2352 1980 Dei
2394 1938 2649 1980 causam

293 2016 765 2078 defendendam
798 2015 1171 2077 eduxerunt.

371 2113 740 2176 Necessario
769 2113 1006 2174 bellum
1038 2131 1116 2173 ex
1145 2111 1478 2173 libidinum
1509 2131 1818 2174 concursu
1856 2119 1918 2174 et
1957 2112 2375 2192 cupiditatum
2416 2114 2650 2175 confla-

294 2212 588 2290 gratione
620 2216 906 2271 orturum
930 2215 1086 2271 erat.
1122 2209 1273 2281 Quae
1298 2209 1605 2270 hactenus
1636 2209 1926 2290 religiosa
1954 2209 2111 2271 fides
2140 2212 2368 2289 fuerat,
2397 2210 2654 2290 politica

294 2310 486 2370 factio
529 2308 752 2380 evasit,
787 2313 849 2368 et
889 2307 1277 2369 Reformatio
1316 2308 1579 2367 mutatis
1634 2307 1799 2368 ultro
1836 2306 2114 2369 moribus
2152 2308 2321 2387 quod
2356 2307 2655 2388 consequi

295 2407 570 2468 debebat
596 2404 810 2483 subiit,
846 2423 1078 2484 magno
1105 2405 1358 2484 quidem
1391 2424 1505 2465 suo
1537 2404 1795 2466 damno.
1832 2403 1995 2465 Illud
2014 2405 2248 2466 instare
2276 2404 2655 2485 praeviderat

293 2506 595 2566 Calvinus
627 2522 642 2565 :
678 2504 861 2565 simul
896 2511 1085 2585 atque
1111 2503 1305 2584 gladii
1335 2504 1615 2566 destricti
1642 2511 1808 2585 suut,
1838 2504 2115 2566 substitit
2140 2523 2255 2566 nec
2283 2505 2470 2566 latius
2501 2523 2654 2585 pro-

292 2624 511 2684 gressa
551 2610 645 2665 est
708 2622 873 2666 nova
925 2603 1234 2677 doctrina,
1270 2623 1593 2684 quumque
1633 2604 1849 2665 multis
1888 2604 2118 2666 abhinc
2172 2603 2352 2664 annis
2398 2602 2655 2683 plurimi

292 2703 558 2764 fuissent
597 2702 708 2781 qui
742 2720 806 2761 se
844 2700 935 2760 illi
978 2699 1381 2775 addixissent,
1425 2701 1560 2780 jam
1602 2701 1729 2763 fere
1767 2701 1926 2762 nulli
1975 2702 2253 2778 fuerunt,
2294 2701 2525 2780 quique
2573 2699 2655 2760 ad

291 2800 632 2863 haereticas
672 2798 1001 2878 opiniones
1046 2799 1402 2877 transgredi
1446 2800 1673 2860 acriter
1706 2798 2163 2874 sustinuissent,
2208 2817 2246 2858 a
2290 2796 2652 2858 rebellando

293 2900 789 2961 abhorruerunt.
825 2896 1105 2957 Humiles
1136 2897 1250 2956 viri
1282 2903 1344 2957 et
1373 2897 1545 2976 pacis
1580 2898 1821 2958 artibus
1855 2897 2088 2969 devoti,
2136 2897 2244 2976 qui
2282 2894 2656 2957 avidissimis

294 2996 555 3057 auribus
570 2993 1052 3073 praedicantium
1072 2999 1390 3073 praecepta
1412 3000 1815 3074 exceperant,
1830 3001 2155 3075 suspectos
2177 2993 2455 3054 habuere
2478 2988 2656 3054 nobi-

297 3094 402 3171 leS‚
420 3110 629 3153 novos
649 3090 975 3169 religionis
985 3108 1276 3153 suasores
1296 3090 1521 3153 bellico
1539 3091 1797 3171 pulvere
1818 3092 2093 3153 fuscatos
2111 3097 2172 3152 et
2193 3092 2360 3152 ferro
2372 3091 2651 3151 vestitos

373 3191 791 3268 Quacumque
818 3190 1061 3249 ratione
1099 3207 1199 3251 res
1239 3208 1370 3250 sese
1405 3189 1690 3268 gesserit,
1717 3190 1911 3250 armis
1956 3188 2216 3249 infensis
2263 3188 2652 3250 decertatum

298 3295 387 3349 est
411 3291 564 3367 post
594 3286 821 3345 initum
851 3285 1306 3347 Ambosianum
1337 3286 1707 3359 tumultum,
1734 3287 1840 3365 qui
1862 3286 2137 3365 primum
2159 3284 2657 3365 protestantibus

300 3392 358 3446 et
395 3403 586 3445 noxae
637 3384 753 3444 fuit
793 3389 853 3444 et
897 3382 1297 3445 detrimento.
1334 3384 1484 3445 Post
1517 3384 1870 3445 horrendas
1920 3383 2375 3444 trucidationes
2421 3382 2654 3441 Ambo-

300 3482 532 3555 sianaS‚
566 3479 845 3541 Vassiaci
874 3485 1114 3558 strages
1139 3500 1178 3540 a
1199 3481 1532 3543 Francisco
1559 3481 1769 3541 Guisio
1800 3484 2050 3560 patrata
2079 3480 2140 3539 in
2171 3479 2441 3539 inermes
2470 3475 2659 3537 calvi-

301 3580 518 3653 nistaS‚
553 3578 661 3658 qui
695 3578 879 3638 rebus
907 3577 1134 3639 divinis
1165 3578 1540 3657 peragendis
1568 3579 1791 3639 intenti
1822 3583 2024 3648 erant,
2051 3575 2304 3657 impulit
2335 3576 2413 3637 ad
2446 3573 2654 3635 rebel-

301 3678 564 3738 landum
595 3676 776 3755 quasi
801 3676 982 3753 signo
1011 3675 1161 3738 dato
1187 3677 1496 3755 primores
1527 3675 1899 3754 nobilitatis,
1932 3676 2281 3755 principem
2310 3674 2653 3735 Condaeum

303 3782 360 3836 et
381 3774 696 3836 Colinium
716 3792 730 3845 ;
753 3778 818 3833 et
836 3779 984 3833 tunc
1003 3779 1210 3833 ortum
1233 3784 1326 3834 est
1347 3774 1856 3835 cruentissimum
1879 3792 1910 3833 e
1932 3771 2217 3833 civilibus
2236 3772 2655 3851 posteriorum

300 3878 662 3951 temporum
693 3844 1409 3951 bellis.5“l'³eropportune
1443 3871 1506 3930 in
1539 3870 1886 3931 catholicos
1916 3888 2094 3949 aeque
2135 3886 2207 3929 ac
2240 3871 2658 3948 protestantes

298 3968 542 4031 intendi
585 3973 794 4047 potest
843 3974 906 4028 et
948 3969 1278 4029 transferri
1319 3970 1492 4029 ferox
1542 3968 1698 4029 illud
1739 3974 1802 4028 et
1839 3968 2178 4029 vehemens
2226 3984 2480 4027 carmen
2529 3983 2655 4043 quo

302 4064 656 4126 catholicus
681 4063 1044 4125 Ronsardus
1073 4064 1432 4125 calvinistas
1452 4066 1793 4126 insectatus
1823 4070 1947 4138 est;
1973 4082 2119 4123 nam
2150 4062 2397 4142 utrique
2422 4061 2658 4142 pariter

303 4163 652 4224 tuebantur
679 4167 741 4222 et
771 4162 1288 4274 praedicabant]

366 4378 413 4425 1.
443 4373 580 4425 Vide
614 4374 668 4423 P.
695 4374 872 4433 Janet,
906 4378 946 4423 t.
979 4372 1042 4434 ll,
1073 4389 1125 4436 p.
1160 4377 1384 4425 154-155.

453 4464 759 4518 boniacus.
2342 4464 2372 4519 3
