3131 5145
1279 478 1599 542 -43..-

541 674 760 730 Jodelle
789 675 842 728 le
871 672 1124 745 premier
1151 673 1320 729 d'une
1350 671 1567 743 plainte
1598 671 1801 729 hardie

548 753 1016 822 Francoisement
1043 754 1250 808 chanta
1277 752 1334 807 la
1363 768 1611 825 grecque
1642 750 1925 823 tragedie,

545 834 676 888 Puis
707 850 778 889 en
806 833 1132 903 changeant
1161 833 1230 887 de
1259 834 1383 901 ton,
1415 831 1627 887 cbanta
1658 831 1872 887 devant
1899 846 2004 886 nos
2032 830 2150 886 rois

545 914 623 969 La
645 914 819 985 jeune
850 911 1217 979 comedieen
1247 913 1495 985 langage
1524 911 1801 980 francois‚

539 994 608 1047 Et
639 993 686 1048 si
714 993 848 1049 bien
871 993 954 1048 les
981 1008 1187 1057 sonna,
1217 1008 1329 1065 que
1361 992 1642 1063 Sophocle
1674 995 1732 1046 et
1759 991 2089 1055 Menandre,

535 1075 680 1127 Tant
705 1070 1031 1127 fussent-ils
1061 1087 1319 1139 scavans.
1351 1088 1389 1141 y
1417 1074 1651 1125 eussent
1678 1086 1790 1142 peu
1820 1070 2165 1142 apprendre.

539 1153 609 1207 Et
637 1156 755 1221 toy,
788 1151 1017 1221 Grevin,
1049 1156 1242 1224 apreS‚
1275 1156 1373 1223 toy
1395 1167 1534 1206 mon
1565 1150 1771 1205 Grevin
1797 1167 1971 1206 encor

543 1231 652 1297 Qui
682 1231 852 1286 dores
881 1235 984 1287 ton
1014 1235 1256 1286 menton
1285 1231 1420 1286 d’un
1450 1230 1593 1302 petit
1619 1246 1813 1302 crespe
1846 1230 1989 1294 d'or,

534 1315 582 1365 A
611 1310 708 1383 qui
737 1311 899 1381 vingt
929 1316 988 1365 et
1019 1310 1172 1365 deux
1201 1326 1307 1365 ans
1337 1310 1500 1366 n'ont
1529 1326 1632 1381 pas
1662 1311 1782 1365 clos
1812 1311 1895 1365 les
1912 1309 2159 1377 ·anneeS‚

537 1391 618 1445 Tu
647 1406 794 1445 nous
821 1407 884 1445 as
905 1390 1210 1446 toutesfois
1239 1390 1322 1445 les
1351 1391 1538 1444 Muses
1570 1390 1859 1457 ameneeS,
1936 1446 1939 1449 ,

537 1470 604 1524 Et
629 1486 775 1525 nous
807 1487 869 1525 as
895 1473 1246 1539 surmontez,
1280 1469 1378 1542 qui
1407 1485 1659 1525 sommes
1684 1471 1746 1540 ja
1772 1469 2014 1541 grisonS,

539 1552 605 1605 Et
635 1549 730 1622 qui
761 1553 1042 1621 pensions
1073 1550 1234 1605 avoir
1257 1550 1483 1605 Phehus
1514 1566 1588 1604 en
1618 1565 1725 1604 nos
1755 1548 2030 1604 maisonS.

323 1746 526 1805 Parce
559 1748 622 1803 et
651 1742 926 1803 breviter
964 1742 1039 1803 de
1079 1742 1188 1803 illa
1225 1743 1538 1820 tragoedia
1578 1742 1758 1804 nobis
1787 1743 2033 1803 videtur
2074 1761 2206 1803 esse
2246 1742 2603 1803 dicendum.

244 1846 397 1915 Quae
444 1841 579 1900 sine
627 1840 840 1916 dubio,
873 1847 942 1900 ut
989 1839 1274 1900 Boetiani
1321 1840 1398 1900 de
1442 1839 1754 1900 Servitute
1801 1849 2137 1919 spontanea
2196 1838 2475 1911 libellus,
2531 1858 2608 1899 ex

244 1940 660 2019 antiquorum
713 1937 1065 1998 imitatione
1113 1944 1256 1997 orta
1298 1943 1416 2011 est,
1457 1956 1727 2016 quorum
1778 1955 1975 2016 opera
2017 1942 2165 1997 tunc
2202 1936 2369 1998 inter
2418 1954 2605 1996 reno-

243 2043 466 2097 vatum
532 2034 886 2095 litterarum
945 2035 1223 2096 studium
1281 2054 1529 2095 summo
1586 2036 1801 2096 favore
1853 2033 2244 2095 colebantur.
2309 2033 2469 2095 Satis
2527 2034 2607 2094 sit

246 2134 546 2216 quaedam
596 2134 734 2193 loca
783 2134 1062 2213 proferre
1107 2131 1336 2211 quibus
1381 2133 1568 2211 plane
1621 2132 1859 2212 liqueat
1906 2138 2145 2213 quanto
2186 2150 2401 2193 amore
2454 2134 2605 2193 Gre-

246 2234 431 2293 vinus
501 2230 858 2291 libertatem
929 2230 1170 2292 foveret
1234 2250 1429 2309 usque
1499 2230 1581 2291 ad
1655 2230 2044 2291 laudandum
2115 2229 2605 2309 tyrannicidium

245 2329 606 2410 prolapsus
644 2330 806 2390 Sane
845 2329 911 2389 in
957 2327 1411 2407 componendis
1449 2329 1735 2389 versibus
1768 2328 1891 2388 illis
1930 2346 2058 2389 non
2092 2328 2156 2387 in
2206 2346 2383 2405 reges
2430 2326 2608 2405 prin-

246 2429 496 2507 cipesve
537 2426 799 2505 gallicos
841 2427 1124 2487 animum
1173 2425 1545 2487 intendebat
1584 2427 1929 2500 minacem,
1964 2426 2069 2487 sed
2108 2424 2456 2485 Calviniani
2499 2424 2610 2504 qui

245 2524 535 2588 carmina
577 2524 712 2604 ejus
759 2524 1055 2604 legebant
1097 2531 1161 2585 et
1215 2524 1482 2604 legendo
1527 2522 2029 2606 incendebantur
2071 2529 2408 2605 tyrannum
2462 2522 2608 2603 qui-

245 2641 522 2702 cumque
573 2622 636 2680 in
679 2640 786 2682 eos
829 2622 1130 2682 saeviisset
1171 2622 1555 2696 habuerunt,
1606 2622 1921 2702 praecipue
1963 2628 2104 2701 post
2152 2620 2607 2684 Sanbartholo-

245 2739 480 2782 maeam
511 2719 702 2796 diem,
736 2727 798 2780 et
827 2719 945 2780 sibi
983 2720 1196 2780 animo
1227 2719 1553 2797 fingebant
1580 2721 1645 2779 in
1680 2739 1824 2781 eum
1864 2720 2033 2780 haud
2068 2739 2246 2780 secus
2276 2739 2348 2780 ac
2379 2720 2445 2778 in
2476 2721 2605 2779 Gae-

245 2837 452 2879 sarem
501 2836 680 2878 arma
718 2823 852 2878 esse
892 2817 1239 2890 inferenda,
1272 2836 1386 2896 per
1425 2817 1683 2878 insidias
1722 2817 1820 2878 vel
1857 2818 2029 2878 omni
2066 2817 2350 2897 quolibet
2390 2815 2599 2876 modo,

323 2919 477 2977 Haec
513 2922 660 2976 sunt
698 2915 928 2996 quibus
967 2917 1208 2976 Marcus
1249 2916 1478 2976 Brutus
1514 2917 1909 2996 propositum
1950 2914 2070 2976 sibi
2108 2933 2240 2976 esse
2275 2914 2605 2975 denuntiat
2693 2963 2703 2972 .

245 3015 535 3076 occidere
567 3013 876 3074 Caesarem
913 3035 926 3072 :

538 3191 604 3243 Et
632 3189 825 3261 quand
856 3205 932 3244 on
961 3189 1193 3261 parlera
1221 3190 1294 3245 de
1325 3190 1501 3245 Cesar
1529 3193 1587 3244 et
1617 3190 1687 3246 de
1717 3192 1985 3258 Romme,

538 3269 720 3333 Qu'on
752 3285 810 3324 se
843 3268 1158 3324 souvienne
1189 3269 1348 3324 aussi
1377 3269 1514 3341 qu'il
1545 3287 1581 3324 a
1606 3271 1726 3326 este
1758 3287 1834 3325 un
1864 3271 2121 3339 homme,

537 3349 623 3403 Un
657 3348 848 3416 Brute,
881 3349 934 3403 le
963 3365 1224 3418 vangeur
1255 3350 1323 3405 de
1352 3353 1514 3404 toute
1543 3353 1803 3418 efflante,

539 3429 647 3493 Qui
681 3445 821 3484 aura
850 3429 986 3484 d'un
1011 3431 1133 3484 seul
1165 3445 1312 3502 coup
1341 3430 1551 3502 gaigne
1581 3430 1638 3485 la
1664 3430 1887 3485 liberte.

541 3509 745 3573 Quand
775 3524 850 3564 on
879 3508 1022 3577 dira,
1056 3509 1230 3564 Cesar
1253 3510 1341 3564 fut
1371 3509 1606 3565 maistre
1634 3510 1705 3564 de
1736 3510 2019 3581 l'empire,

539 3590 724 3655 Qu'on
754 3588 845 3645 die
871 3594 1054 3661 quant
1086 3594 1144 3644 et
1173 3595 1376 3662 quant,
1411 3591 1581 3646 Brute
1605 3589 1658 3645 le
1688 3593 1847 3646 sceut
1871 3589 2073 3647 occire.

536 3747 710 3803 Arme
741 3747 876 3802 d'un
910 3748 983 3803 tel
1016 3748 1236 3804 vouloir
1259 3749 1320 3820 je
1350 3751 1540 3816 veulx,
1570 3750 1629 3821 je
1660 3752 1825 3806 veulx
1854 3751 2060 3806 cacher

536 3829 619 3883 La
649 3828 836 3900 dague
868 3845 940 3883 en
969 3843 1035 3884 sa
1061 3829 1336 3901 poitrine‚
1370 3832 1429 3885 et
1457 3847 1530 3883 ne
1561 3830 1673 3884 l'en
1706 3831 1977 3885 arracher

540 3908 722 3964 Sinon
751 3924 890 3964 avec
916 3908 973 3963 la
1002 3909 1107 3976 vie,
1137 3910 1171 3964 a
1195 3910 1278 3964 fin
1307 3925 1419 3981 que
1448 3910 1639 3981 puisse
1670 3910 1814 3978 dire,

537 3987 829 4060 Qu’auray
856 3989 953 4044 tue
987 3988 1124 4046 d'un
1155 4005 1302 4061 coup
1333 3994 1391 4044 et
1419 3991 1595 4046 Cesar
1621 3993 1679 4044 et
1705 3989 1996 4061 l’Empire.

240 4189 452 4267 Atque
491 4184 560 4244 in
601 4183 887 4244 clausula
925 4183 1130 4244 vivide
1162 4189 1223 4244 et
1255 4201 1545 4261 expresse
1584 4179 1841 4243 exhibet
1874 4179 1955 4240 ad
1976 4151 2173 4259 ‘quem
2201 4179 2392 4240 finem
2424 4191 2608 4259 pros-³

239 4285 444 4364 piciat
477 4299 493 4342 ε

537 4449 755 4507 Mourir
783 4465 859 4505 ou
889 4418 1194 4520 rachepter
1220 4447 1494 4519 l'antique
1523 4445 1747 4502 liberte.
