3131 5145
1477 423 1798 486 —014—

459 555 640 618 addit
695 556 1039 618 voluntatis
1087 555 1320 617 divinae
1373 575 1506 618 esse
1554 562 2057 638 procuratorem,
2104 577 2553 640 summumque
2603 580 2829 642 regum

451 655 760 740 judicem,
794 661 856 714 ct
905 654 992 714 illi
1023 653 1128 733 jus
1159 655 1469 734 permittit
1507 662 1699 735 atque
1750 675 1982 717 munus
2025 675 2133 717 cos
2180 656 2561 720 destituendi
2606 677 2831 720 secun-

463 754 614 814 dum
645 753 884 814 Veteris
914 753 1303 813 Testamenti
1331 771 1481 814 usus
1510 759 1573 813 et
1602 753 1977 815 doctrinam.

545 849 973 932 Tyrannicidii
993 850 1406 928 quaestionem
1431 857 1693 912 renovat
1722 851 2041 914 oblivione
2073 852 2367 914 obrutam
2399 859 2543 934 post
2571 854 2825 936 imperii

466 949 715 1012 romani
745 967 960 1008 casum
995 953 1059 1008 et
1094 947 1407 1009 subtiliter
1442 967 1653 1027 regem
1694 967 1731 1009 a
1769 954 2041 1029 tyranno
2086 949 2392 1030 dijudicat
2432 952 2474 1012 ¹.
2514 953 2639 1012 Nec
2678 971 2823 1013 eam

467 1047 656 1109 semel
690 1052 798 1107 aut
826 1045 1088 1107 fortuito
1118 1047 1404 1106 enuntiat
1433 1047 1844 1122 sententiam;
1870 1047 2095 1107 iterum
2130 1047 2298 1108 idem
2328 1049 2824 1111 etmultifariam

464 1145 796 1208 contendit·
814 1144 958 1223 jure
989 1144 1365 1205 occidendos
1394 1163 1528 1206 esse
1560 1150 1887 1224 tyrannoS,
1918 1150 2107 1224 atque
2138 1145 2327 1206 etiam
2360 1147 2646 1208 adhibita
2675 1167 2825 1228 per-

468 1244 618 1304 fidia
653 1261 666 1306 :
701 1267 731 1303 (ε
763 1243 961 1303 Aliter
989 1261 1131 1304 cum
1165 1242 1393 1315 amice,
1418 1242 1605 1304 aliter
1622 1243 1964 1304 vivendum
1989 1250 2085 1304 est
2112 1262 2256 1304 cum
2283 1251 2575 1324 tyranno,
2602 1247 2827 1308 Amico

467 1343 685 1422 utique
725 1341 973 1402 adulari
1011 1359 1140 1402 non
1177 1341 1344 1418 licet,
1377 1340 1487 1402 sed
1524 1360 1708 1402 aures
1740 1341 1992 1422 tyranni
2025 1341 2301 1404 mulcere
2332 1342 2575 1403 licitum
2608 1351 2726 1405 est.
2753 1346 2825 1405 Ei

470 1459 743 1520 namque
767 1439 912 1500 licet
935 1438 1206 1517 adulari,
1231 1455 1419 1518 quem
1441 1439 1588 1500 licet
1610 1440 1915 1500 occidere.
1948 1440 2145 1500 Porro
2167 1446 2512 1520 tyrannum
2540 1441 2830 1504 occidere

471 1557 602 1600 non
654 1537 841 1598 modo
890 1536 1132 1597 licitum
1171 1543 1286 1614 cst,
1327 1537 1435 1597 sed
1482 1555 1734 1616 aequum
1783 1544 1845 1597 et
1877 1538 2143 1616 justum.
2178 1527 2294 1608 Qui
2334 1538 2500 1598 enim
2541 1539 2824 1618 gladium

466 1635 719 1714 accipit,
763 1633 973 1712 gladio
1023 1633 1250 1710 dignus
1301 1640 1394 1694 est
1431 1633 1711 1695 interire.
1754 1635 1871 1694 Sed
1925 1633 2208 1714 accipere
2266 1633 2669 1714 intelligitur,
2714 1637 2827 1717 qui

474 1754 617 1796 eum
645 1732 903 1813 propria
923 1731 1274 1793 temeritate
1307 1739 1593 1812 usurpat,
1625 1751 1752 1792 non
1782 1732 1889 1812 qui
1921 1733 2137 1793 utendi
2159 1751 2232 1794 eo
2257 1734 2579 1794 aDomino
2598 1735 2829 1816 accipit

475 1836 874 1912 potestatem.
901 1830 1130 1908 Utique
1160 1829 1267 1908 qui
1300 1847 1336 1888 a
1363 1831 1492 1890 Deo
1532 1835 1909 1909 potestatem
1956 1829 2202 1906 accipit,
2239 1820 2482 1908 legibus
2520 1831 2731 1906 servit,
2766 1839 2832 1893 et

464 1928 728 2009 justitiae
759 1933 822 1987 et
843 1925 1004 2004 juris
1031 1925 1308 1986 famulus
1337 1932 1450 1986 est.
1487 1927 1603 1998 Qui
1635 1945 1784 1987 vero
1830 1945 1970 1987 eam
2016 1933 2297 2006 usurpat,
2326 1929 2474 2006 jura
2503 1928 2825 2008 deprimit,

471 2035 538 2090 et
578 2025 895 2088 voluntati
941 2043 1067 2084 suae
1113 2023 1281 2100 leges
1333 2023 1662 2085 submittit.
1708 2025 1776 2084 In
1829 2043 1972 2085 eum
2026 2043 2174 2104 ergo
2228 2025 2451 2087 merito
2495 2034 2833 2087 armantur

468 2125 639 2204 jura,
673 2122 779 2201 qui
805 2123 975 2200 leges
1005 2128 1312 2195 exarmat,
1341 2129 1404 2182 et
1431 2121 1689 2202 publica
1719 2127 1999 2201 potestas
2025 2123 2207 2183 saevit
2233 2123 2301 2183 in
2336 2142 2509 2200 eum,
2541 2123 2651 2202 qui
2680 2143 2829 2185 eva-

477 2240 668 2284 cuare
707 2218 927 2279 nititur
961 2219 1278 2300 publicam
1315 2239 1601 2282 manum.
1636 2221 1713 2280 Et
1745 2240 1941 2300 quum
1987 2218 2185 2280 multa
2225 2221 2350 2281 sint
2390 2221 2655 2282 crimina
2694 2241 2828 2282 ma-

467 2319 738 2400 Jestatis,
774 2317 1015 2378 nullum
1049 2338 1121 2396 gi
1123 2337 1298 2379 avius
1329 2325 1423 2379 est
1447 2337 1545 2397 e0,
1580 2319 1748 2399 quod
1791 2319 2091 2380 adversus
2129 2319 2335 2398 ipsum
2376 2336 2604 2398 corpus
2637 2318 2828 2397 justi—

481 2420 584 2481 tiae
616 2422 1002 2479 exerceatur.
1038 2417 1348 2498 Tyrannis
1381 2435 1532 2494 ergo
1573 2435 1698 2477 non
1733 2416 1921 2478 modo
1964 2414 2286 2528 publicum
2328 2416 2589 2489 crimen,
2632 2418 2739 2478 sed
2781 2417 2830 2478 si

483 2517 617 2578 fieri
649 2513 863 2595 possit,
895 2513 1035 2595 plus
1059 2533 1252 2595 quam
1280 2513 1599 2594 publicum
1634 2520 1727 2575 est
1760 2515 1804 2575 ².

559 2613 908 2676 Fatendum
930 2613 1338 2673 nihilominus
1359 2632 1676 2673 summum
1698 2632 1774 2673 ex
1800 2539 2113 2691 tlieologis
2135 2614 2383 2675 Thoma
2406 2633 2445 2673 n
2473 2613 2829 2693 Aquinatis,

477 2714 588 2794 qui
629 2711 900 2791 degebat
935 2710 998 2770 in
1038 2710 1159 2771 fine
1196 2710 1418 2772 decimi
1463 2711 1629 2772 tertii
1665 2712 1879 2785 seculi,
1913 2711 1973 2771 id
2020 2718 2113 2772 est
2141 2710 2605 2771 ferventissima
2640 2712 2829 2773 medii

480 2812 600 2873 aevi
644 2817 845 2892 parte,
895 2829 1020 2871 non
1067 2809 1301 2870 eisdem
1347 2809 1575 2889 quibus
1614 2810 1891 2870 ,Ioannes
1950 2804 2441 2871 Saresberiensis
2498 2809 2829 2871 indulsisse

484 2910 694 2991 pravis
725 2908 1147 2989 opinionibus
1175 2908 1353 2969 Certe
1379 2907 1635 2968 fervidis
1665 2906 1873 2968 verbis
1904 2912 2207 2987 tyrannos
2231 2907 2493 2968 mulctat
2522 2906 2589 2967 in
2620 2907 2830 2987 dispu-

483 3011 720 3069 tatione
760 3006 850 3066 De
889 3006 1187 3086 reyimine
1225 3006 1600 3087 principum,
1636 3005 1814 3084 cujus
1868 3024 2019 3066 num
2066 3006 2146 3066 sit
2178 3024 2364 3067 verus
2399 3011 2622 3066 auctor
2664 3005 2833 3067 haud

485 3107 671 3185 plane
713 3104 1194 3183 comprohatum
1231 3111 1366 3165 cst:
1405 3128 1434 3159 «
1470 3103 1655 3164 Nulla
1699 3103 1817 3163 erit
1856 3105 2180 3177 securitaS‚
2210 3103 2433 3182 inquit,
2470 3103 2577 3164 sed
2621 3103 2837 3163 omnia

393 3266 398 3269 ,
485 3210 628 3264 sunt
669 3204 905 3261 incerta
936 3219 1130 3281 quum
1163 3220 1200 3261 a
1222 3200 1366 3278 jure
1397 3200 1775 3274 disceditur;
1810 3220 1925 3263 nec
1957 3200 2199 3261 firmari
2226 3201 2573 3280 quidquam
2601 3206 2830 3281 potest,

482 3299 657 3381 quod
689 3299 958 3378 positum
992 3303 1087 3358 est
1113 3298 1178 3357 in
1209 3297 1467 3358 alterius
1497 3298 1848 3372 voluntate,
1883 3318 1959 3358 nc
1990 3297 2196 3358 dicam
2237 3296 2595 3359 libidine...
2633 3299 2837 3370 Quum

488 3407 793 3479 tyrannus
828 3401 1192 3475 contempto
1232 3396 1552 3456 communi
1593 3396 1760 3457 hono
1800 3396 2027 3475 quaerit
2074 3396 2411 3475 privatum,
2445 3414 2839 3475 consequens

487 3503 581 3557 est
610 3501 678 3555 ut
699 3494 980 3555 subditos
1010 3493 1430 3555 diversimodo
1463 3500 1703 3571 gravet,
1734 3494 2077 3555 secundum
2110 3493 2281 3603 quod
2308 3492 2567 3554 diversis
2596 3494 2843 3573 passio-

489 3594 673 3654 nibus
702 3591 985 3671 subJacet
1011 3591 1089 3651 ad
1120 3589 1290 3651 bona
1315 3590 1530 3671 aliqua
1561 3590 1940 3652 Mtffectanda
1974 3590 2094 3662 Qui
2128 3590 2296 3651 enim
2330 3588 2621 3670 passione
2660 3590 2841 3670 cupi-

489 3689 704 3750 ditatis
750 3689 1091 3759 detinetur,
1144 3687 1313 3747 bona
1359 3688 1757 3747 subditorum
1813 3688 1977 3766 rapit
1984 3734 2107 3749 .....
2172 3687 2236 3748 Si
2288 3706 2438 3747 vero
2496 3687 2839 3748 iracundiae

489 3786 766 3869 passioni
797 3785 1096 3865 subjacet,
1125 3804 1239 3865 pro
1279 3784 1478 3846 nihilo
1511 3786 1881 3863 sanguinem
1924 3785 2232 3848 fundit....
2274 3788 2414 3847 Non
2455 3803 2571 3865 pro
2595 3785 2843 3863 justitia

489 3886 599 3948 sed
625 3905 736 3966 per
755 3890 1132 3965 potestatem
1154 3883 1382 3945 occidit
1403 3902 1517 3963 pro
1545 3882 1802 3943 libidine
1833 3883 2281 3946 voluntatis...
2309 3881 2621 3965 Tyrannis
2639 3882 2845 3962 magis

490 3984 643 4046 boni
673 4001 864 4063 quam
897 3981 1047 4042 mali
1077 3980 1347 4061 suspecti
1368 3985 1534 4055 sunt,
1560 3998 1932 4061 semperque
1962 3979 2060 4041 his
2085 3979 2293 4041 aliena
2316 3980 2515 4042 virtus
2545 3978 2849 4041 formido·

489 4082 624 4142 losa
675 4087 767 4141 est
772 4126 895 4144 .....
931 4078 1228 4140 Naturale
1271 4078 1461 4139 etiam
1508 4083 1601 4139 est
1643 4084 1713 4138 ut
1746 4078 2037 4139 homines
2078 4079 2193 4139 sub
2233 4077 2461 4139 timore
2501 4076 2749 4152 nutriti,
2782 4078 2845 4137 in

562 4320 603 4367 1.
637 4316 750 4366 Lib.
782 4316 916 4378 VIII,
943 4331 988 4365 c.
1022 4330 1150 4365 xvn.

557 4391 604 4437 2.
636 4389 750 4437 Lib.
778 4386 865 4447 111,
891 4401 938 4437 c.
966 4402 1051 4437 xv·
