3131 5145
1346 455 1543 518 ...67
1588 493 1666 502 ...

322 591 529 664 nulla,
574 609 653 650 ne
700 589 1055 672 diutissima
1093 589 1351 669 quidem
1388 590 1714 668 servitute,
1755 589 2058 650 violentia
2100 590 2420 670 praescribi
2462 596 2680 670 posse!

325 689 505 762 Quod
556 688 609 748 si
650 705 801 748 vero
840 705 1019 767 reges
1050 707 1088 748 a
1125 687 1365 769 populo
1406 688 1783 750 constitutos
1830 689 2042 761 fuisse,
2085 689 2191 766 qui
2227 695 2372 750 ante
2411 692 2484 750 D.
2525 691 2686 752 forte

328 805 534 848 annos
580 785 855 857 vivebat,
899 803 1027 845 non
1067 786 1149 866 ab
1193 804 1290 859 e0,
1326 786 1433 864 qui
1475 785 1664 846 hodie
1703 790 1898 858 extat,
1932 785 2192 865 objicias
2239 805 2254 846 τ
2297 793 2382 860 at,
2425 787 2683 867 inquam

326 903 473 963 eg0,
503 884 621 944 etsi
643 883 998 944 moriantur
1028 901 1229 962 regeS,
1265 883 1537 962 populus
1567 883 1841 960 interim,
1879 890 1944 942 ut
1975 902 2179 962 neque
2215 883 2344 944 ulla
2380 884 2504 946 alia
2545 887 2686 948 uni-

326 981 620 1052 versitaS,
656 999 982 1060 nunquam
1013 981 1305 1042 moritur.
1342 983 1421 1041 Ut
1451 981 1618 1041 enim
1661 999 1999 1060 perennem
2036 981 2297 1042 fluvium
2336 982 2564 1057 fluxus,
2595 985 2686 1045 ita

328 1087 395 1142 et
427 1078 734 1160 populum
766 1077 1196 1139 immortalem
1226 1084 1401 1138 ortus
1428 1084 1490 1139 et
1518 1079 1809 1139 interitus
1838 1077 2199 1140 vicissitudo
2230 1080 2480 1144 facit....
2519 1106 2547 1136 »

413 1177 566 1250 Quis
588 1177 669 1237 sit
700 1195 921 1253 regum
956 1175 1139 1236 finis?
1171 1201 1199 1231 «
1234 1176 1328 1235 Ad
1364 1195 1545 1236 usum
1586 1183 1646 1237 et
1687 1177 2020 1236 utilitatem
2053 1178 2272 1256 populi
2303 1187 2550 1242 creatus
2592 1185 2684 1240 est

328 1293 466 1336 rex.
497 1273 783 1336 Officium
814 1273 1007 1350 igitur
1034 1278 1129 1332 est
1158 1291 1379 1350 regum
1410 1279 1481 1333 ut
1509 1273 1630 1350 legi
1668 1280 1954 1352 pareant.
1981 1275 2256 1352 Regibus
2276 1276 2337 1337 id
2363 1279 2684 1359 praecipue

331 1372 614 1432 muneris
642 1371 1181 1448 commendatum,
1216 1377 1284 1432 ut
1324 1371 1535 1448 legum
1580 1371 1892 1450 custodeS,
1929 1372 2199 1432 ministri
2249 1382 2310 1435 et
2354 1393 2682 1438 conserva-

326 1475 502 1530 tores
533 1473 761 1530 essent.
796 1492 827 1524 »

408 1567 587 1626 Tunc
614 1566 855 1626 iterum·
875 1567 1234 1643 Languetus
1265 1565 1343 1625 ad
1371 1565 1576 1626 foedus
1607 1566 1768 1628 redit
1797 1567 1961 1628 inter
1998 1587 2209 1646 regem
2249 1569 2684 1651 populumque

326 1663 715 1724 institutum.
762 1685 791 1718 κ
836 1664 908 1723 In
954 1681 1029 1725 eo
1074 1669 1261 1741 pacto
1301 1663 1610 1740 agebatur
1653 1663 1730 1724 de
1771 1664 2045 1726 creando
2088 1685 2350 1744 regem.
2395 1669 2674 1748 Stipula-

331 1761 526 1821 batur
554 1759 829 1840 populus
869 1780 906 1820 a
942 1780 1110 1838 rege,
1144 1779 1225 1820 an
1264 1780 1395 1821 non
1420 1762 1588 1840 juste
1622 1767 1684 1822 et
1717 1762 2059 1822 secundum
2101 1763 2270 1842 leges
2307 1773 2685 1843 regnaturus

330 1858 546 1918 esset?
570 1857 673 1918 hic
702 1858 1019 1918 facturum
1049 1857 1423 1936 spondebat.
1454 1858 1734 1937 Populus
1762 1858 2015 1918 demum
2047 1878 2110 1919 se
2132 1859 2300 1938 juste
2320 1861 2682 1942 imperanti,

330 1953 607 2016 fideliter
636 1954 1139 2033 obsequuturum
1170 1955 1612 2034 respondebat.
1649 1957 1869 2034 ltaque
1905 1949 2318 2035 promittebat
2359 1979 2465 2020 rex
2501 1981 2679 2040 pure,

329 2053 605 2132 populus
646 2052 762 2112 sub
804 2051 1162 2112 conditione
1196 2071 1209 2113 ε
1237 2071 1379 2131 quae
1406 2053 1459 2112 si
1494 2072 1624 2113 non
1659 2053 2048 2130 impleretur,
2079 2054 2348 2133 populus
2381 2057 2518 2136 ipso
2540 2057 2684 2137 jure

328 2151 507 2210 omni
553 2149 943 2228 obligatione
994 2148 1238 2210 solutus
1281 2157 1742 2212 censeretur....
1794 2151 1971 2222 Quod
2013 2153 2061 2212 si
2111 2171 2259 2214 vero
2307 2154 2683 2218 conditionis

327 2247 671 2328 implendae
720 2247 964 2316 defectu
1006 2254 1367 2308 contractus
1406 2248 1543 2331 ipso
1577 2249 1722 2328 jure
1761 2249 2002 2311 solutus
2039 2257 2153 2329 est,
2189 2251 2328 2330 quis
2356 2255 2680 2333 perjurum

332 2346 643 2438 populum
679 2352 880 2418 vocet,
914 2345 1021 2424 qui
1055 2345 1185 2423 regi
1214 2336 1668 2420 conditionem,
1697 2365 1888 2426 quam
1918 2347 2180 2426 implere
2211 2348 2427 2412 debuit
2465 2359 2526 2413 et
2563 2373 2682 2434 po-

328 2443 473 2515 tuit,
522 2443 892 2522 negligenti,
941 2443 1295 2522 legemque,
1336 2443 1401 2502 in
1453 2462 1646 2523 quam
1681 2442 1940 2523 juravit,
1981 2445 2263 2520 violanti,
2307 2447 2679 2530 obsequium

326 2542 645 2621 deneget?
675 2541 825 2613 Quis
861 2560 1010 2602 vero
1048 2547 1272 2603 contra
1312 2561 1453 2603 eum
1496 2561 1710 2621 regem
1753 2542 2180 2623 foedifragum,
2215 2546 2561 2625 perjurum,
2605 2551 2686 2612 eo'

329 2638 638 2700 beneficio
670 2658 931 2719 prorsus
951 2638 1279 2716 indignum
1310 2658 1435 2699 non
1469 2640 1761 2701 censeat?
1792 2664 1822 2696 »

409 2737 799 2797 Confirmato
816 2735 959 2814 jure
989 2735 1272 2815 tyrannis
1301 2736 1649 2813 resistendi,
1673 2736 1908 2799 scilicet
1937 2739 2025 2799 eis
2045 2741 2153 2819 qui
2182 2741 2456 2821 priscum
2476 2743 2682 2805 foedus

328 2834 638 2913 ruperint,
679 2834 1091 2913 quaerendum
1126 2838 1221 2893 est
1258 2833 1487 2913 quibus
1523 2835 1585 2895 id
1625 2840 1686 2895 et
1725 2853 1851 2914 quo
1893 2836 2080 2897 modo
2120 2843 2182 2898 et
2203 2857 2329 2918 quo
2357 2840 2501 2919 jure
2531 2860 2681 2921 per-

326 2931 589 2991 missum
630 2932 731 2993 sit.
781 2931 900 2993 Sed
938 2932 1065 2991 duo
1109 2950 1345 3009 genera
1383 2932 1446 2991 in
1487 2933 1772 3011 tyrannis
1811 2932 2255 3011 distinguenda
2297 2943 2442 2997 sunt
2481 2958 2494 2997 :
2537 2957 2678 3018 quae

326 3029 651 3089 distinctio
679 3029 953 3090 maxime
977 3028 1212 3089 usitata
1235 3029 1479 3090 decimo
1511 3036 1688 3091 sexto
1717 3030 1928 3091 seculo
1949 3032 2086 3110 jam
2113 3032 2282 3112 apud
2307 3034 2678 3097 Bartholum

325 3127 404 3187 de
445 3133 718 3205 tyranno
760 3126 1098 3187 invenitur.
1136 3128 1295 3188 Sunt
1330 3128 1499 3188 enim
1540 3128 1792 3207 tyranni
1831 3128 2052 3210 absque
2095 3130 2292 3204 titula,
2321 3139 2384 3193 et
2423 3138 2676 3216 tyranni

324 3224 404 3284 ab
431 3223 747 3285 eoeercitiO.
785 3224 882 3285 Illi
908 3224 1043 3285 sine
1063 3224 1205 3303 jure
1234 3224 1545 3286 Vel-titulo
1579 3232 1953 3306 potestatem
1985 3228 2048 3288 vi
2077 3237 2420 3311 occupant;
2463 3232 2531 3293 hi
2555 3233 2674 3294 im-

324 3322 597 3401 perium,
620 3322 763 3400 jure
796 3322 1078 3397 legitimo
1110 3322 1419 3406 obtinent,
1448 3322 1556 3382 sed
1586 3322 1859 3385 deterius
1896 3333 2142 3403 gerunt.
2187 3329 2414 3407 Populi
2461 3338 2673 3393 autem

324 3420 576 3480 diversa
606 3438 739 3481 esse
770 3419 957 3480 debet
982 3420 1210 3498 agendi
1240 3420 1402 3481 ratio
1433 3439 1584 3498 erga
1614 3428 1934 3499 utrosque.
2725 3499 2728 3503 .

406 3518 690 3577 Primum
716 3517 977 3598 inquirit
1007 3520 1367 3595 Languetus
1392 3518 1713 3597 quomodo
1745 3518 1948 3580 resisti
1977 3521 2173 3599 possit
2217 3528 2491 3601 tyranno
2533 3526 2672 3588 abs-

323 3634 447 3695 que
484 3614 665 3676 titulo
704 3632 717 3675 :
757 3640 786 3671 «
824 3617 903 3675 Ut
938 3634 1089 3676 vero
1132 3634 1258 3675 non
1300 3615 1598 3675 adversus
1635 3615 1822 3677 hosce
1862 3623 2189 3698 tyrannOS,
2217 3620 2364 3698 jura
2402 3630 2668 3700 naturae,

323 3712 628 3789 gentium,
666 3712 896 3784 civilia,
943 3731 1121 3773 arma
1168 3731 1393 3794 capere
1428 3712 1686 3791 jubent3
1733 3714 1825 3775 ita
1865 3734 1981 3777 nec
2030 3716 2162 3777 ulla
2200 3718 2458 3781 omnino
2509 3724 2672 3786 ratio

322 3809 651 3871 dehortari
682 3816 909 3889 potest.
944 3812 1083 3871 Non
1124 3811 1463 3871 intervenit
1487 3812 1960 3891 Jusjurandum,
1994 3833 2120 3875 non
2155 3822 2410 3895 pactum
2451 3818 2684 3893 ullum„

322 3926 455 3969 non
486 3907 621 3968 ulla
651 3907 978 3986 obligatio,
998 3926 1202 3988 neque
1234 3907 1510 3987 publica,
1536 3928 1739 3989 neque
1763 3910 2030 3990 privata.
2053 3914 2270 3992 Itaque
2297 3914 2394 3974 vel
2426 3916 2672 3993 privato

320 4004 577 4067 cuilibet
620 4006 1019 4086 tyrannidem
1064 4005 1451 4084 hujusmodi,
1504 4007 1556 4066 si
1601 4006 1977 4080 intrudatur,
2027 4009 2342 4089 depellere
2394 4009 2538 4072 licet
2548 4059 2669 4075 .....

318 4102 525 4164 Habet
570 4122 719 4164 vero
759 4109 985 4163 contra
1021 4103 1231 4164 locum·
1271 4103 1373 4163 lex
1407 4102 1483 4164 de
1520 4103 1982 4183 TyrannicidiS,
2014 4126 2156 4185 quae
2195 4113 2256 4167 et
2294 4106 2470 4170 vivos
2502 4129 2672 4190 prae-

320 4201 480 4277 miiS,
530 4208 594 4263 et
633 4186 917 4261 mortuos
954 4200 1294 4282 epitaphiis
1332 4206 1397 4262 et
1442 4200 1666 4262 statuis
1712 4199 2008 4277 honorat,
2051 4210 2122 4265 ut
2158 4206 2570 4270 Harmodium
2611 4216 2671 4271 et

314 4298 809 4377 Aristogitonem
835 4297 1122 4359 Athenis,
1164 4323 1194 4354 »

397 4396 515 4459 Sed
545 4396 619 4471 si,
656 4401 965 4474 occupato
993 4415 1109 4476 per
1128 4396 1256 4456 vim
1279 4414 1475 4474 regno
1504 4401 1565 4457 et
1593 4398 2012 4460 abnuentibus
2038 4400 2302 4481 legibuS,
2327 4412 2668 4485 usurpator
