3131 5145
1487 422 1806 503 ...73-

470 558 899 639 propositnm3
935 574 1060 616 non
1096 555 1293 616 secius
1320 562 1531 618 tamen
1558 558 1844 618 Buchero
1877 558 2200 619 attendere
2235 565 2298 619 et
2326 559 2404 620 de
2435 579 2508 621 eo
2548 561 2825 623 breviter

469 657 770 717 disserere
800 654 1122 726 debemUS,
1158 654 1286 733 qui,
1319 654 1478 714 miro
1510 655 1786 733 quodam
1815 671 1986 729 casm
2011 656 2582 719 truculentissimus
2607 666 2823 723 orator

466 754 653 815 simul
694 759 755 815 et
804 752 1162 813 libellorum
1213 742 1435 812 auctor
1485 753 1759 813 maxime
1818 738 2044 814 veneni
2096 753 2430 833 plenorum
2479 756 2809 819 exstiterit.

466 850 783 923 ThuanuS‚
814 850 880 910 in
907 848 1207 910 Historiis
1232 850 1327 909 sui
1356 850 1648 930 [empyris
1669 850 1714 923 ¹,
1743 852 2054 912 Joannem
2084 851 2435 913 Bucherum
2461 854 2704 916 inducit
2725 855 2820 921 his

466 948 733 1009 verbis:
780 946 1053 1008 „loannes
1102 946 1445 1020 BucheruS,
1489 948 1686 1007 nobili
1729 933 1994 1027 familia,
2037 949 2346 1030 imprimis
2381 951 2690 1026 eruditus»,
2743 954 2818 1014 de

466 1045 783 1129 cetero'ad
816 1046 1127 1105 feritatem
1155 1051 1217 1105 et
1246 1044 1483 1105 rabiem
1512 1064 1712 1126 usque
1740 1048 2128 1107 obtrectator
2159 1053 2220 1107 et
2247 1040 2568 1109 facti‘osuS.

544 1128 885 1215 BucheruS,
929 1140 1173 1203 Lutetia
1204 1142 1473 1220 jamjam
1522 1141 1854 1202 obsidione
1905 1162 2143 1221 pressa,
2185 1163 2442 1224 operam
2489 1146 2607 1206 sibi
2649 1163 2817 1226 prae-

466 1241 732 1322 sumpsit
760 1240 1064 1319 exquisite
1096 1246 1157 1299 et
1186 1239 1407 1300 edocte
1437 1239 1822 1318 explanandi
1851 1247 1914 1301 et
1944 1242 2257 1321 purgandi
2285 1242 2514 1322 quibus
2541 1244 2816 1305 consiliis

466 1342 530 1401 in
560 1339 804 1419 agendo
833 1338 1095 1398 fuissent
1122 1338 1402 1398 instincti
1430 1338 1715 1399 Sedecim
1742 1339 1882 1413 viri,
1906 1340 2015 1419 qui
2043 1347 2190 1400 tunc
2214 1341 2400 1401 rebus
2424 1342 2810 1404 Parisiorum

464 1438 875 1520 procurandis
902 1456 1028 1497 una
1058 1456 1199 1497 cum
1231 1436 1443 1498 Guisio
1477 1438 1633 1498 duce
1673 1446 2010 1517 praeerant,
2051 1445 2113 1498 et
2155 1437 2485 1500 Sorbonici
2521 1428 2814 1503 doctores

464 1538 571 1615 qui
618 1536 780 1596 cives
812 1535 943 1595 fide
994 1542 1062 1595 et·
1096 1534 1511 1613 jurejurando
1551 1554 1702 1614 erga
1742 1536 2076 1596 Henricum
2120 1536 2375 1596 tertium
2413 1538 2654 1599 solutos
2683 1557 2814 1600 esse

465 1632 1034 1713 proclamaverant,
1079 1640 1140 1693 et
1178 1633 1309 1713 ipse
1346 1652 1630 1693 summus
1689 1633 1972 1712 pontifex
2011 1634 2119 1713 qui
2159 1654 2371 1712 regem
2422 1654 2499 1695 ex
2547 1636 2813 1697 catholi-

462 1750 679 1794 corum
728 1731 1021 1792 societate
1069 1732 1389 1809 abegerat,
1447 1731 1670 1792 Gallici
1728 1732 1986 1791 tandem
2041 1731 2339 1793 catholici
2391 1733 2498 1811 qui
2554 1734 2814 1796 infensis

465 1830 657 1891 armis
687 1847 830 1889 eum
858 1827 1269 1914 lacessebant.
1303 1829 1465 1901 Sane
1491 1828 1816 1911 Yocandus
1841 1836 1932 1889 est
1962 1828 2067 1889 ille
2098 1829 2555 1903 catholicorum
2589 1832 2817 1892 doctor

462 1935 524 1991 et
550 1948 787 2007 auspex
817 1926 1003 1987 simul
1028 1933 1216 2007 atque
1238 1921 1694 2007 oraton'Atqui
1722 1926 1879 1986 nihil
1904 1946 1984 1987 ex
2007 1946 2139 1989 sese
2165 1928 2461 2007 produxit
2482 1934 2543 1989 et
2562 1934 2810 1989 tantum

461 2046 593 2107 prae
622 2044 685 2086 se
718 2025 909 2103 gessit
940 2031 1001 2085 et
1032 2023 1358 2104 usurpavit
1383 2024 1688 2104 quidquid
1720 2044 1758 2085 a
1789 2024 2273 2103 protestantium
2311 2026 2726 2103 scriptoribus
2749 2028 2813 2087 in

462 2124 686 2203 vulgus
717 2124 1035 2202 prolatum
1067 2129 1255 2213 essetf·
1281 2124 1493 2183 Unum
1532 2128 1749 2183 tamen
1790 2121 1884 2182 illi
1912 2114 2102 2182 simul
2141 2142 2213 2183 ac
2249 2141 2326 2183 ea
2361 2129 2545 2184 aetate
2584 2124 2812 2186 catho-

462 2222 597 2282 licis
628 2220 985 2281 oratoribus
1016 2220 1341 2299 proprium
1368 2225 1427 2279 et
1451 2219 1765 2298 peculiare
1786 2219 1991 2280 addici
2014 2227 2223 2299 potest
2245 2222 2415 2299 quod
2433 2220 2810 2300 indigestam

462 2319 801 2401 quamdam
832 2326 893 2378 et
924 2319 1408 2398 incompositam
1441 2318 1909 2398 copulationem
1953 2318 2261 2378 ediderint
2301 2317 2713 2379 sacerdotalis
2752 2325 2813 2380 et

462 2414 783 2499 popularis
816 2417 997 2492 juris,
1038 2422 1101 2475 et
1140 2416 1350 2476 nescio
1386 2434 1576 2495 quam
1622 2414 1952 2477 ridiculam
2016 2415 2396 2496 inanemque
2448 2416 2808 2497 reipublicae

462 2514 733 2595 speciem
766 2514 866 2575 cui
896 2518 1195 2593 praeesset
1227 2532 1508 2574 summus
1538 2512 1843 2594 pontifex.
1878 2516 2268 2592 Argumenta
2297 2532 2409 2574 sua
2439 2520 2502 2575 et
2536 2514 2811 2576 rationes

462 2615 817 2695 promiscue
856 2611 1126 2672 desumit
1172 2631 1209 2672 a
1252 2611 1612 2692 Scripturi3‚
1653 2631 1691 2672 a
1729 2612 1996 2690 Thoma,
2036 2611 2116 2672 ab
2158 2614 2541 2684 Hotomano,
2581 2631 2620 2673 a
2647 2615 2810 2673 Lan-

458 2717 647 2790 gueto
684 2717 744 2770 et
776 2729 813 2770 a
842 2709 1084 2770 ceteris,
1116 2709 1336 2770 Omnia
1369 2709 1499 2772 sine
1526 2716 1660 2771 arte
1689 2711 1974 2788 congerit
2005 2703 2066 2770 et
2091 2709 2424 2789 permiscet
2443 2728 2810 2788 supremum

460 2808 773 2890 pontificis
808 2807 1143 2884 imperium
1185 2806 1618 2887 populareque
1661 2807 1787 2886 juS‚
1828 2808 2227 2887 inquinatum
2289 2807 2809 2869 scholasticorum

460 2926 835 2978 sermonem,
893 2905 1249 2965 Tullianam
1320 2903 1741 2966 elocutionem
1801 2912 1863 2966 et
1920 2924 1996 2966 ex
2039 2905 2310 2966 deformi
2364 2904 2476 2965 illa
2531 2906 2810 2967 mixtura

460 3005 711 3066 excudit
745 3003 1018 3064 insolens
1058 3002 1379 3082 quoddam
1420 3021 1579 3081 opus
1617 3021 1924 3082 arrogans
1963 3022 2036 3063 ac
2076 3002 2534 3078 turbulentum,
2568 3021 2646 3064 ex
2677 3004 2806 3065 ele-

461 3103 689 3163 mentis
714 3102 1059 3164 conflatum
1090 3100 1589 3181 discrepantibus
1628 3107 1698 3161 ut
1728 3101 1862 3181 ipse
1907 3100 2367 3162 catholicorum
2401 3101 2640 3161 foedere
2672 3120 2811 3163 con-

454 3198 829 3277 junctorum·
852 3205 1069 3258 coetuS.

506 3286 521 3369 Ῐ
540 3296 793 3356 Librum
826 3314 1006 3355 suum
1039 3294 1233 3356 edidit
1261 3295 1582 3356 Bucherus
1619 3314 1786 3355 anno
1829 3297 2006 3368 1589,
2040 3294 2232 3374 paulo
2273 3299 2416 3374 post
2453 3294 2728 3354 occisum
2771 3312 2809 3354 a

454 3393 691 3454 Jacobo
725 3393 1037 3453 Clemente
1071 3392 1409 3453 Henricum
1449 3393 1726 3463 tertium,
1769 3392 1889 3452 hoe
1930 3391 2114 3452 titulo
2162 3411 2175 3452 ε
2219 3391 2310 3452 De
2331 3390 2512 3471 justa
2548 3389 2807 3451 Henrici

459 3492 626 3551 tertii
662 3490 1042 3551 abdicatione
1076 3510 1105 3550 e
1144 3492 1528 3551 Francorum
1571 3509 1786 3570 νθ9ηο,
1827 3490 1971 3550 libri
2020 3498 2290 3570 quatuor
2319 3489 2362 3548 ².
2413 3488 2528 3560 Qui
2576 3489 2802 3550 iterum

461 3588 787 3668 multiplici
818 3588 1089 3648 editione
1125 3590 1413 3648 eflinctus
1447 3595 1540 3648 est
1587 3588 1750 3668 typis
1793 3586 2311 3665 Lugdunensibus
2347 3604 2516 3647 anno
2552 3588 2702 3647 159¹
2755 3586 2802 3645 ³.

459 3685 644 3745 Liber
690 3684 794 3743 ille
837 3690 969 3744 arte
1009 3691 1071 3744 et
1108 3683 1416 3744 industria
1451 3685 1710 3744 omnino
1749 3702 1972 3763 expers
2012 3703 2087 3744 cx
2127 3683 2457 3744 hominum
2497 3683 2804 3744 memoria

460 3780 627 3841 haud
661 3781 975 3841 immerito
1006 3781 1357 3859 excidisset,
1392 3781 1450 3840 ni
1480 3782 1686 3842 aetatis
1725 3781 1894 3841 illius
1931 3780 2203 3859 effigiem
2244 3785 2304 3841 et
2348 3780 2482 3859 ejus
2513 3780 2805 3841 factionis

460 3877 749 3940 libidines
784 3885 1001 3939 exacte
1032 3878 1376 3939 exhiberet.
1405 3878 1567 3938 Illud
1605 3879 1906 3940 Thuanus
1934 3878 2126 3938 habet
2155 3896 2316 3958 opus
2353 3877 2545 3938 fuisse
2583 3877 2804 3938 catho-

380 4013 389 4018 ·
458 3976 723 4038 lieorum
752 3977 1275 4038 violentissimum
1300 3983 1363 4038 et
1391 3977 1562 4056 quod
1595 3977 1834 4038 rabiem
1865 3979 2234 4055 furoresque
2271 3992 2488 4037 eorum
2530 3975 2804 4052 integer-

457 4075 613 4136 rime
666 4076 1039 4155 expresserit
1080 4093 1094 4135 :
1141 4099 1171 4131 «
1213 4075 1468 4136 Librum
1518 4093 1644 4154 quo
1694 4093 1824 4135 non
1870 4074 2041 4135 aliud
2085 4073 2459 4154 flagitiosius
2509 4077 2646 4134 toto
2695 4071 2803 4131 illo

520 4247 563 4294 1.
596 4245 713 4294 Lib.
744 4245 1007 4307 LXXXVI,
1038 4249 1062 4305 §
1092 4247 1167 4294 Π.

518 4318 565 4364 2.
592 4315 827 4374 Parisiis,
848 4316 991 4380 apud
1024 4315 1301 4366 Nicolaum
1332 4315 1640 4375 Nivellium‚
1662 4313 1748 4364 via
1776 4315 2046 4376 Jacoboea,
2069 4315 2136 4364 ad
2160 4313 2372 4376 insigne
2402 4311 2802 4364 Columnarum.

518 4388 565 4435 3.
599 4386 878 4436 Pillehotte
907 4386 1094 4436 edidit.
