<?xml version="1.0" encoding="UTF-8"?>
<!DOCTYPE html PUBLIC "-//W3C//DTD XHTML 1.0 Transitional//EN"
    "http://www.w3.org/TR/xhtml1/DTD/xhtml1-transitional.dtd">
<html xmlns="http://www.w3.org/1999/xhtml" xml:lang="en" lang="en">
 <head>
  <title>
</title>
<meta http-equiv="Content-Type" content="text/html;charset=utf-8" />
  <meta name='ocr-system' content='tesseract 3.04.00' />
  <meta name='ocr-capabilities' content='ocr_page ocr_carea ocr_par ocr_line ocrx_word'/>
</head>
<body>
  <div class='ocr_page' id='page_1' title='image "./detyrannicidica00douagoog_0092.png"; bbox 0 0 3131 5145; ppageno 0'>
   <div class='ocr_carea' id='block_1_1' title="bbox 1454 426 1772 489">
    <p class='ocr_par' dir='ltr' id='par_1_1' title="bbox 1454 426 1772 489">
     <span class='ocr_line' id='line_1_1' title="bbox 1454 426 1772 489; baseline 0.025 -18"><span class='ocrx_word' id='word_1_1' title='bbox 1454 426 1772 489; x_wconf 69' lang='lat'><strong>-74-..</strong></span> 
     </span>
    </p>
   </div>
   <div class='ocr_carea' id='block_1_2' title="bbox 436 559 2799 1719">
    <p class='ocr_par' dir='ltr' id='par_1_2' title="bbox 436 559 2799 1214">
     <span class='ocr_line' id='line_1_2' title="bbox 438 559 2792 640; baseline -0.003 -15"><span class='ocrx_word' id='word_1_2' title='bbox 438 561 558 625; x_wconf 88' lang='lat' dir='ltr'><strong>Ubi</strong></span> <span class='ocrx_word' id='word_1_3' title='bbox 619 559 852 621; x_wconf 86' lang='lat' dir='ltr'><strong>talibus</strong></span> <span class='ocrx_word' id='word_1_4' title='bbox 900 560 963 619; x_wconf 90' lang='lat' dir='ltr'><strong>in</strong></span> <span class='ocrx_word' id='word_1_5' title='bbox 1028 559 1357 640; x_wconf 86' lang='lat' dir='ltr'><strong>publicum</strong></span> <span class='ocrx_word' id='word_1_6' title='bbox 1419 562 1690 640; x_wconf 84' lang='lat' dir='ltr'><strong>vulgatis</strong></span> <span class='ocrx_word' id='word_1_7' title='bbox 1751 568 1996 623; x_wconf 81' lang='lat' dir='ltr'><strong>mentes</strong></span> <span class='ocrx_word' id='word_1_8' title='bbox 2053 560 2424 639; x_wconf 81' lang='lat' dir='ltr'><strong>acquievere</strong></span> <span class='ocrx_word' id='word_1_9' title='bbox 2482 563 2545 619; x_wconf 91' lang='lat' dir='ltr'><strong>et</strong></span> <span class='ocrx_word' id='word_1_10' title='bbox 2607 576 2792 637; x_wconf 81' lang='lat' dir='ltr'><strong>aequo</strong></span> 
     </span>
     <span class='ocr_line' id='line_1_3' title="bbox 436 655 2799 737; baseline -0.003 -16"><span class='ocrx_word' id='word_1_11' title='bbox 436 660 659 721; x_wconf 83' lang='lat' dir='ltr'><strong>animo</strong></span> <span class='ocrx_word' id='word_1_12' title='bbox 684 675 904 718; x_wconf 90' lang='lat' dir='ltr'><strong>omnes</strong></span> <span class='ocrx_word' id='word_1_13' title='bbox 934 658 1101 737; x_wconf 88' lang='lat' dir='ltr'><strong>passi</strong></span> <span class='ocrx_word' id='word_1_14' title='bbox 1133 664 1277 719; x_wconf 88' lang='lat' dir='ltr'><strong>sunt</strong></span> <span class='ocrx_word' id='word_1_15' title='bbox 1304 664 1435 719; x_wconf 86' lang='lat' dir='ltr'><strong>tam</strong></span> <span class='ocrx_word' id='word_1_16' title='bbox 1468 660 1710 721; x_wconf 81' lang='lat' dir='ltr'><strong>atrocia</strong></span> <span class='ocrx_word' id='word_1_17' title='bbox 1737 658 2010 737; x_wconf 83' lang='lat' dir='ltr'><strong>suaderi,</strong></span> <span class='ocrx_word' id='word_1_18' title='bbox 2046 657 2184 736; x_wconf 86' lang='lat' dir='ltr'><strong>jam</strong></span> <span class='ocrx_word' id='word_1_19' title='bbox 2214 675 2344 718; x_wconf 89' lang='lat' dir='ltr'><strong>non</strong></span> <span class='ocrx_word' id='word_1_20' title='bbox 2379 656 2574 734; x_wconf 85' lang='lat' dir='ltr'><strong>longa</strong></span> <span class='ocrx_word' id='word_1_21' title='bbox 2605 655 2799 716; x_wconf 87' lang='lat' dir='ltr'><strong>inter·</strong></span> 
     </span>
     <span class='ocr_line' id='line_1_4' title="bbox 437 753 2792 835; baseline -0.001 -17"><span class='ocrx_word' id='word_1_22' title='bbox 437 758 555 818; x_wconf 89' lang='lat' dir='ltr'><strong>fuit</strong></span> <span class='ocrx_word' id='word_1_23' title='bbox 594 774 777 817; x_wconf 88' lang='lat' dir='ltr'><strong>mora</strong></span> <span class='ocrx_word' id='word_1_24' title='bbox 808 754 963 835; x_wconf 91' lang='lat' dir='ltr'><strong>quin</strong></span> <span class='ocrx_word' id='word_1_25' title='bbox 1010 756 1088 816; x_wconf 86' lang='lat' dir='ltr'><strong>ad</strong></span> <span class='ocrx_word' id='word_1_26' title='bbox 1130 762 1343 817; x_wconf 87' lang='lat' dir='ltr'><strong>actum</strong></span> <span class='ocrx_word' id='word_1_27' title='bbox 1382 757 1780 819; x_wconf 89' lang='lat' dir='ltr'><strong>deveniretur</strong></span> <span class='ocrx_word' id='word_1_28' title='bbox 1818 763 1880 818; x_wconf 88' lang='lat' dir='ltr'><strong>et</strong></span> <span class='ocrx_word' id='word_1_29' title='bbox 1908 756 1974 816; x_wconf 93' lang='lat' dir='ltr'><strong>in</strong></span> <span class='ocrx_word' id='word_1_30' title='bbox 2008 755 2270 834; x_wconf 86' lang='lat' dir='ltr'><strong>gallicos</strong></span> <span class='ocrx_word' id='word_1_31' title='bbox 2315 753 2632 835; x_wconf 84' lang='lat' dir='ltr'><strong>principes</strong></span> <span class='ocrx_word' id='word_1_32' title='bbox 2656 753 2792 815; x_wconf 86' lang='lat' dir='ltr'><strong>istae</strong></span> 
     </span>
     <span class='ocr_line' id='line_1_5' title="bbox 438 837 2794 934; baseline -0.002 -18"><span class='ocrx_word' id='word_1_33' title='bbox 438 855 929 916; x_wconf 85' lang='lat' dir='ltr'><strong>admoverentur</strong></span> <span class='ocrx_word' id='word_1_34' title='bbox 964 853 1263 925; x_wconf 79' lang='lat' dir='ltr'><strong>rationeS‚</strong></span> <span class='ocrx_word' id='word_1_35' title='bbox 1314 855 1629 934; x_wconf 84' lang='lat' dir='ltr'><strong>praecipue</strong></span> <span class='ocrx_word' id='word_1_36' title='bbox 1658 857 1723 915; x_wconf 89' lang='lat' dir='ltr'><strong>in</strong></span> <span class='ocrx_word' id='word_1_37' title='bbox 1753 854 2091 918; x_wconf 86' lang='lat' dir='ltr'><strong>Henricum</strong></span> <span class='ocrx_word' id='word_1_38' title='bbox 2132 837 2794 917; x_wconf 62' lang='lat' dir='ltr'><strong>tertium.ffirotestan·</strong></span> 
     </span>
     <span class='ocr_line' id='line_1_6' title="bbox 440 937 2792 1031; baseline -0.003 -16"><span class='ocrx_word' id='word_1_39' title='bbox 440 952 595 1015; x_wconf 79' lang='lat' dir='ltr'><strong>tium</strong></span> <span class='ocrx_word' id='word_1_40' title='bbox 628 952 933 1015; x_wconf 81' lang='lat' dir='ltr'><strong>doctrinae</strong></span> <span class='ocrx_word' id='word_1_41' title='bbox 966 972 1004 1012; x_wconf 86' lang='lat' dir='ltr'><strong>a</strong></span> <span class='ocrx_word' id='word_1_42' title='bbox 1032 951 1553 1027; x_wconf 72' lang='lat' dir='ltr'><strong>Franco-Gallia,</strong></span> <span class='ocrx_word' id='word_1_43' title='bbox 1588 974 1626 1014; x_wconf 88' lang='lat' dir='ltr'><strong>a</strong></span> <span class='ocrx_word' id='word_1_44' title='bbox 1667 953 1957 1015; x_wconf 76' lang='lat' dir='ltr'><strong>Vindiciis</strong></span> <span class='ocrx_word' id='word_1_45' title='bbox 1985 959 2048 1013; x_wconf 90' lang='lat' dir='ltr'><strong>et</strong></span> <span class='ocrx_word' id='word_1_46' title='bbox 2079 970 2116 1012; x_wconf 87' lang='lat' dir='ltr'><strong>a</strong></span> <span class='ocrx_word' id='word_1_47' title='bbox 2145 950 2306 1012; x_wconf 91' lang='lat' dir='ltr'><strong>libro</strong></span> <span class='ocrx_word' id='word_1_48' title='bbox 2341 950 2409 1011; x_wconf 83' lang='lat' dir='ltr'><strong>de</strong></span> <span class='ocrx_word' id='word_1_49' title='bbox 2435 937 2587 1009; x_wconf 66' lang='lat' dir='ltr'><strong>Jur&#39;e</strong></span> <span class='ocrx_word' id='word_1_50' title='bbox 2617 950 2792 1031; x_wconf 71' lang='lat' dir='ltr'><strong>reyni</strong></span> 
     </span>
     <span class='ocr_line' id='line_1_7' title="bbox 442 1047 2792 1133; baseline -0.001 -22"><span class='ocrx_word' id='word_1_51' title='bbox 442 1051 790 1132; x_wconf 62' lang='lat' dir='ltr'><strong>desumptae</strong></span> <span class='ocrx_word' id='word_1_52' title='bbox 844 1072 881 1113; x_wconf 89' lang='lat' dir='ltr'><strong>a</strong></span> <span class='ocrx_word' id='word_1_53' title='bbox 930 1051 1257 1112; x_wconf 78' lang='lat' dir='ltr'><strong>catholicis</strong></span> <span class='ocrx_word' id='word_1_54' title='bbox 1306 1059 1367 1112; x_wconf 95' lang='lat' dir='ltr'><strong>et</strong></span> <span class='ocrx_word' id='word_1_55' title='bbox 1408 1059 1728 1133; x_wconf 76' lang='lat' dir='ltr'><strong>usurpatae</strong></span> <span class='ocrx_word' id='word_1_56' title='bbox 1767 1052 1940 1113; x_wconf 88' lang='lat' dir='ltr'><strong>brevi</strong></span> <span class='ocrx_word' id='word_1_57' title='bbox 1993 1051 2058 1110; x_wconf 90' lang='lat' dir='ltr'><strong>in</strong></span> <span class='ocrx_word' id='word_1_58' title='bbox 2102 1047 2427 1129; x_wconf 89' lang='lat' dir='ltr'><strong>proprium</strong></span> <span class='ocrx_word' id='word_1_59' title='bbox 2479 1066 2664 1109; x_wconf 85' lang='lat' dir='ltr'><strong>usum</strong></span> <span class='ocrx_word' id='word_1_60' title='bbox 2709 1048 2792 1108; x_wconf 77' lang='lat' dir='ltr'><strong>ab</strong></span> 
     </span>
     <span class='ocr_line' id='line_1_8' title="bbox 440 1148 2381 1214; baseline 0.001 -5"><span class='ocrx_word' id='word_1_61' title='bbox 440 1148 531 1209; x_wconf 90' lang='lat' dir='ltr'><strong>eis</strong></span> <span class='ocrx_word' id='word_1_62' title='bbox 560 1166 875 1209; x_wconf 81' lang='lat' dir='ltr'><strong>conversae</strong></span> <span class='ocrx_word' id='word_1_63' title='bbox 903 1156 1097 1214; x_wconf 50' lang='lat' dir='ltr'><strong>sunta</strong></span> <span class='ocrx_word' id='word_1_64' title='bbox 2377 1155 2381 1159; x_wconf 87' lang='lat'>&#39;</span> 
     </span>
    </p>

    <p class='ocr_par' dir='ltr' id='par_1_3' title="bbox 439 1230 2794 1719">
     <span class='ocr_line' id='line_1_9' title="bbox 522 1230 2789 1325; baseline -0.002 -18"><span class='ocrx_word' id='word_1_65' title='bbox 522 1247 871 1309; x_wconf 90' lang='lat' dir='ltr'><strong>Ludovicus</strong></span> <span class='ocrx_word' id='word_1_66' title='bbox 918 1230 1315 1325; x_wconf 41' lang='lat' dir='ltr'><strong>Aurelianu&amp;</strong></span> <span class='ocrx_word' id='word_1_67' title='bbox 1354 1268 1515 1309; x_wconf 88' lang='lat' dir='ltr'><strong>unus</strong></span> <span class='ocrx_word' id='word_1_68' title='bbox 1567 1268 1643 1309; x_wconf 86' lang='lat' dir='ltr'><strong>ex</strong></span> <span class='ocrx_word' id='word_1_69' title='bbox 1687 1248 1886 1309; x_wconf 89' lang='lat' dir='ltr'><strong>sancti</strong></span> <span class='ocrx_word' id='word_1_70' title='bbox 1939 1246 2188 1307; x_wconf 82' lang='lat' dir='ltr'><strong>foederis</strong></span> <span class='ocrx_word' id='word_1_71' title='bbox 2223 1244 2680 1317; x_wconf 80' lang='lat' dir='ltr'><strong>conditoribuS,</strong></span> <span class='ocrx_word' id='word_1_72' title='bbox 2725 1243 2789 1304; x_wconf 91' lang='lat' dir='ltr'><strong>in</strong></span> 
     </span>
     <span class='ocr_line' id='line_1_10' title="bbox 439 1340 2790 1425; baseline -0.002 -20"><span class='ocrx_word' id='word_1_73' title='bbox 439 1340 777 1417; x_wconf 83' lang='lat' dir='ltr'><strong>Parisiensi</strong></span> <span class='ocrx_word' id='word_1_74' title='bbox 807 1353 1025 1407; x_wconf 88' lang='lat' dir='ltr'><strong>senatu</strong></span> <span class='ocrx_word' id='word_1_75' title='bbox 1060 1346 1223 1423; x_wconf 87' lang='lat' dir='ltr'><strong>regis</strong></span> <span class='ocrx_word' id='word_1_76' title='bbox 1262 1346 1628 1420; x_wconf 82' lang='lat' dir='ltr'><strong>advocatuS‚</strong></span> <span class='ocrx_word' id='word_1_77' title='bbox 1675 1344 1946 1425; x_wconf 83' lang='lat' dir='ltr'><strong>suscepit</strong></span> <span class='ocrx_word' id='word_1_78' title='bbox 1984 1344 2226 1425; x_wconf 90' lang='lat' dir='ltr'><strong>primus</strong></span> <span class='ocrx_word' id='word_1_79' title='bbox 2267 1343 2431 1403; x_wconf 89' lang='lat' dir='ltr'><strong>hanc</strong></span> <span class='ocrx_word' id='word_1_80' title='bbox 2459 1340 2790 1403; x_wconf 84' lang='lat' dir='ltr'><strong>catholicae</strong></span> 
     </span>
     <span class='ocr_line' id='line_1_11' title="bbox 448 1440 2793 1505; baseline -0.003 -2"><span class='ocrx_word' id='word_1_81' title='bbox 448 1443 733 1505; x_wconf 82' lang='lat' dir='ltr'><strong>factionis</strong></span> <span class='ocrx_word' id='word_1_82' title='bbox 758 1445 1231 1505; x_wconf 88' lang='lat' dir='ltr'><strong>conversionem</strong></span> <span class='ocrx_word' id='word_1_83' title='bbox 1262 1451 1327 1504; x_wconf 91' lang='lat' dir='ltr'><strong>et</strong></span> <span class='ocrx_word' id='word_1_84' title='bbox 1355 1443 1753 1505; x_wconf 83' lang='lat' dir='ltr'><strong>efficiendam</strong></span> <span class='ocrx_word' id='word_1_85' title='bbox 1785 1449 1848 1503; x_wconf 94' lang='lat' dir='ltr'><strong>et</strong></span> <span class='ocrx_word' id='word_1_86' title='bbox 1887 1441 2369 1503; x_wconf 67' lang='lat' dir='ltr'><strong>defendendam.</strong></span> <span class='ocrx_word' id='word_1_87' title='bbox 2405 1440 2574 1500; x_wconf 88' lang='lat' dir='ltr'><strong>Idem</strong></span> <span class='ocrx_word' id='word_1_88' title='bbox 2604 1444 2793 1499; x_wconf 87' lang='lat' dir='ltr'><strong>antea</strong></span> 
     </span>
     <span class='ocr_line' id='line_1_12' title="bbox 444 1537 2794 1621; baseline -0.002 -20"><span class='ocrx_word' id='word_1_89' title='bbox 444 1560 558 1619; x_wconf 90' lang='lat' dir='ltr'><strong>pro</strong></span> <span class='ocrx_word' id='word_1_90' title='bbox 605 1560 851 1601; x_wconf 86' lang='lat' dir='ltr'><strong>summo</strong></span> <span class='ocrx_word' id='word_1_91' title='bbox 890 1560 1109 1619; x_wconf 82' lang='lat' dir='ltr'><strong>regum</strong></span> <span class='ocrx_word' id='word_1_92' title='bbox 1149 1541 1413 1619; x_wconf 90' lang='lat' dir='ltr'><strong>imperio</strong></span> <span class='ocrx_word' id='word_1_93' title='bbox 1455 1546 1970 1621; x_wconf 81' lang='lat' dir='ltr'><strong>propugnaverat</strong></span> <span class='ocrx_word' id='word_1_94' title='bbox 2008 1546 2072 1600; x_wconf 89' lang='lat' dir='ltr'><strong>et</strong></span> <span class='ocrx_word' id='word_1_95' title='bbox 2108 1537 2426 1611; x_wconf 84' lang='lat' dir='ltr'><strong>exitiosaS,</strong></span> <span class='ocrx_word' id='word_1_96' title='bbox 2463 1556 2606 1616; x_wconf 85' lang='lat' dir='ltr'><strong>quae.</strong></span> <span class='ocrx_word' id='word_1_97' title='bbox 2646 1542 2794 1596; x_wconf 90' lang='lat' dir='ltr'><strong>sunt</strong></span> 
     </span>
     <span class='ocr_line' id='line_1_13' title="bbox 440 1636 2708 1719; baseline -0.002 -19"><span class='ocrx_word' id='word_1_98' title='bbox 440 1640 508 1700; x_wconf 90' lang='lat' dir='ltr'><strong>-in</strong></span> <span class='ocrx_word' id='word_1_99' title='bbox 538 1639 1029 1710; x_wconf 82' lang='lat' dir='ltr'><strong>Franco-Gallia,</strong></span> <span class='ocrx_word' id='word_1_100' title='bbox 1066 1659 1515 1719; x_wconf 82' lang='lat' dir='ltr'><strong>perversasque</strong></span> <span class='ocrx_word' id='word_1_101' title='bbox 1549 1640 1880 1718; x_wconf 87' lang='lat' dir='ltr'><strong>opiniones</strong></span> <span class='ocrx_word' id='word_1_102' title='bbox 1909 1638 2007 1699; x_wconf 88' lang='lat' dir='ltr'><strong>his</strong></span> <span class='ocrx_word' id='word_1_103' title='bbox 2035 1637 2244 1698; x_wconf 88' lang='lat' dir='ltr'><strong>verbis</strong></span> <span class='ocrx_word' id='word_1_104' title='bbox 2267 1636 2668 1716; x_wconf 81' lang='lat' dir='ltr'><strong>increpuerat</strong></span> <span class='ocrx_word' id='word_1_105' title='bbox 2693 1651 2708 1694; x_wconf 77' lang='grc' dir='ltr'>ε</span> 
     </span>
    </p>
   </div>
   <div class='ocr_carea' id='block_1_3' title="bbox 939 1816 1898 1970">
    <p class='ocr_par' dir='ltr' id='par_1_4' title="bbox 939 1816 1898 1970">
     <span class='ocr_line' id='line_1_14' title="bbox 1230 1816 1898 1889; baseline -0.004 -15"><span class='ocrx_word' id='word_1_106' title='bbox 1230 1860 1337 1874; x_wconf 89' lang='grc'><strong>.....</strong></span> <span class='ocrx_word' id='word_1_107' title='bbox 1374 1820 1493 1872; x_wconf 87' lang='lat' dir='ltr'><strong>Non</strong></span> <span class='ocrx_word' id='word_1_108' title='bbox 1526 1817 1779 1889; x_wconf 81' lang='lat' dir='ltr'><strong>parcitur</strong></span> <span class='ocrx_word' id='word_1_109' title='bbox 1804 1816 1898 1871; x_wconf 89' lang='lat' dir='ltr'><strong>uni</strong></span> 
     </span>
     <span class='ocr_line' id='line_1_15' title="bbox 939 1898 1601 1970; baseline -0.002 -18"><span class='ocrx_word' id='word_1_110' title='bbox 939 1900 1201 1969; x_wconf 83' lang='lat' dir='ltr'><strong>Augusto</strong></span> <span class='ocrx_word' id='word_1_111' title='bbox 1232 1898 1402 1970; x_wconf 85' lang='lat' dir='ltr'><strong>capiti</strong></span> <span class='ocrx_word' id='word_1_112' title='bbox 1431 1898 1601 1969; x_wconf 72' lang='lat' dir='ltr'><strong>regIS.</strong></span> 
     </span>
    </p>
   </div>
   <div class='ocr_carea' id='block_1_4' title="bbox 442 2082 2797 2750">
    <p class='ocr_par' dir='ltr' id='par_1_5' title="bbox 442 2082 2795 2358">
     <span class='ocr_line' id='line_1_16' title="bbox 524 2082 2795 2161; baseline 0 -18"><span class='ocrx_word' id='word_1_113' title='bbox 524 2085 603 2161; x_wconf 82' lang='lat' dir='ltr'><strong>At</strong></span> <span class='ocrx_word' id='word_1_114' title='bbox 623 2102 789 2143; x_wconf 89' lang='lat' dir='ltr'><strong>nunc</strong></span> <span class='ocrx_word' id='word_1_115' title='bbox 810 2089 1051 2154; x_wconf 88' lang='lat' dir='ltr'><strong>contra,</strong></span> <span class='ocrx_word' id='word_1_116' title='bbox 1078 2083 1325 2161; x_wconf 84' lang='lat' dir='ltr'><strong>vigente</strong></span> <span class='ocrx_word' id='word_1_117' title='bbox 1345 2082 1477 2159; x_wconf 85' lang='lat' dir='ltr'><strong>jam</strong></span> <span class='ocrx_word' id='word_1_118' title='bbox 1507 2085 1955 2145; x_wconf 89' lang='lat' dir='ltr'><strong>Henoticorum</strong></span> <span class='ocrx_word' id='word_1_119' title='bbox 1976 2085 2269 2157; x_wconf 85' lang='lat' dir='ltr'><strong>factione,</strong></span> <span class='ocrx_word' id='word_1_120' title='bbox 2289 2084 2407 2145; x_wconf 88' lang='lat' dir='ltr'><strong>sibi</strong></span> <span class='ocrx_word' id='word_1_121' title='bbox 2429 2084 2707 2145; x_wconf 88' lang='lat' dir='ltr'><strong>vindicat</strong></span> <span class='ocrx_word' id='word_1_122' title='bbox 2733 2091 2795 2144; x_wconf 90' lang='lat' dir='ltr'><strong>et</strong></span> 
     </span>
     <span class='ocr_line' id='line_1_17' title="bbox 446 2180 2792 2261; baseline 0 -21"><span class='ocrx_word' id='word_1_123' title='bbox 446 2182 628 2261; x_wconf 87' lang='lat' dir='ltr'><strong>quasi</strong></span> <span class='ocrx_word' id='word_1_124' title='bbox 658 2201 733 2242; x_wconf 89' lang='lat' dir='ltr'><strong>ex</strong></span> <span class='ocrx_word' id='word_1_125' title='bbox 765 2200 898 2241; x_wconf 88' lang='lat' dir='ltr'><strong>sese</strong></span> <span class='ocrx_word' id='word_1_126' title='bbox 929 2186 1101 2241; x_wconf 86' lang='lat' dir='ltr'><strong>ortas</strong></span> <span class='ocrx_word' id='word_1_127' title='bbox 1129 2180 1469 2261; x_wconf 83' lang='lat' dir='ltr'><strong>Hotomani</strong></span> <span class='ocrx_word' id='word_1_128' title='bbox 1502 2181 1847 2242; x_wconf 79' lang='lat' dir='ltr'><strong>sententias</strong></span> <span class='ocrx_word' id='word_1_129' title='bbox 1884 2182 2146 2261; x_wconf 78' lang='lat' dir='ltr'><strong>profert,</strong></span> <span class='ocrx_word' id='word_1_130' title='bbox 2191 2181 2618 2242; x_wconf 85' lang='lat' dir='ltr'><strong>adversarium</strong></span> <span class='ocrx_word' id='word_1_131' title='bbox 2649 2181 2792 2242; x_wconf 90' lang='lat' dir='ltr'><strong>imi·</strong></span> 
     </span>
     <span class='ocr_line' id='line_1_18' title="bbox 442 2276 1985 2358; baseline 0 -19"><span class='ocrx_word' id='word_1_132' title='bbox 442 2276 617 2339; x_wconf 63' lang='lat' dir='ltr'><strong>&#39;tatur</strong></span> <span class='ocrx_word' id='word_1_133' title='bbox 650 2285 710 2339; x_wconf 92' lang='lat' dir='ltr'><strong>et</strong></span> <span class='ocrx_word' id='word_1_134' title='bbox 741 2277 1053 2358; x_wconf 83' lang='lat' dir='ltr'><strong>exspoliat</strong></span> <span class='ocrx_word' id='word_1_135' title='bbox 1077 2279 1276 2339; x_wconf 88' lang='lat' dir='ltr'><strong>multo</strong></span> <span class='ocrx_word' id='word_1_136' title='bbox 1309 2278 1559 2357; x_wconf 85' lang='lat' dir='ltr'><strong>longius</strong></span> <span class='ocrx_word' id='word_1_137' title='bbox 1598 2298 1985 2358; x_wconf 80' lang='lat' dir='ltr'><strong>progressus,</strong></span> 
     </span>
    </p>

    <p class='ocr_par' dir='ltr' id='par_1_6' title="bbox 446 2370 2797 2750">
     <span class='ocr_line' id='line_1_19' title="bbox 520 2370 2793 2457; baseline -0 -21"><span class='ocrx_word' id='word_1_138' title='bbox 520 2378 595 2437; x_wconf 91' lang='lat' dir='ltr'><strong>In</strong></span> <span class='ocrx_word' id='word_1_139' title='bbox 624 2378 831 2456; x_wconf 90' lang='lat' dir='ltr'><strong>prima</strong></span> <span class='ocrx_word' id='word_1_140' title='bbox 856 2376 1299 2438; x_wconf 85' lang='lat' dir='ltr'><strong>Admonitione</strong></span> <span class='ocrx_word' id='word_1_141' title='bbox 1328 2378 1370 2451; x_wconf 92' lang='lat'><strong>¹,</strong></span> <span class='ocrx_word' id='word_1_142' title='bbox 1406 2370 1530 2457; x_wconf 87' lang='lat' dir='ltr'><strong>qua</strong></span> <span class='ocrx_word' id='word_1_143' title='bbox 1579 2377 1932 2438; x_wconf 86' lang='lat' dir='ltr'><strong>catholicus</strong></span> <span class='ocrx_word' id='word_1_144' title='bbox 1963 2378 2244 2457; x_wconf 85' lang='lat' dir='ltr'><strong>anglicus</strong></span> <span class='ocrx_word' id='word_1_145' title='bbox 2285 2376 2632 2438; x_wconf 82' lang='lat' dir='ltr'><strong>catholicos</strong></span> <span class='ocrx_word' id='word_1_146' title='bbox 2653 2376 2793 2456; x_wconf 88' lang='lat' dir='ltr'><strong>gal-</strong></span> 
     </span>
     <span class='ocr_line' id='line_1_20' title="bbox 450 2474 2797 2553; baseline 0.001 -20"><span class='ocrx_word' id='word_1_147' title='bbox 450 2474 604 2535; x_wconf 85' lang='lat' dir='ltr'><strong>licos</strong></span> <span class='ocrx_word' id='word_1_148' title='bbox 662 2474 981 2553; x_wconf 81' lang='lat' dir='ltr'><strong>objurgat,</strong></span> <span class='ocrx_word' id='word_1_149' title='bbox 1030 2475 1219 2534; x_wconf 86' lang='lat' dir='ltr'><strong>minis</strong></span> <span class='ocrx_word' id='word_1_150' title='bbox 1252 2475 1602 2536; x_wconf 87' lang='lat' dir='ltr'><strong>insectatur</strong></span> <span class='ocrx_word' id='word_1_151' title='bbox 1631 2474 1967 2535; x_wconf 89' lang='lat' dir='ltr'><strong>Henricum</strong></span> <span class='ocrx_word' id='word_1_152' title='bbox 2018 2476 2274 2535; x_wconf 86' lang='lat' dir='ltr'><strong>tertium</strong></span> <span class='ocrx_word' id='word_1_153' title='bbox 2316 2482 2379 2535; x_wconf 92' lang='lat' dir='ltr'><strong>et</strong></span> <span class='ocrx_word' id='word_1_154' title='bbox 2413 2474 2480 2534; x_wconf 90' lang='lat' dir='ltr'><strong>in</strong></span> <span class='ocrx_word' id='word_1_155' title='bbox 2521 2480 2797 2535; x_wconf 80' lang='lat' dir='ltr'><strong>anteces-</strong></span> 
     </span>
     <span class='ocr_line' id='line_1_21' title="bbox 446 2570 2796 2654; baseline 0.001 -23"><span class='ocrx_word' id='word_1_156' title='bbox 446 2591 583 2632; x_wconf 89' lang='lat' dir='ltr'><strong>sum</strong></span> <span class='ocrx_word' id='word_1_157' title='bbox 613 2591 753 2652; x_wconf 86' lang='lat' dir='ltr'><strong>spes</strong></span> <span class='ocrx_word' id='word_1_158' title='bbox 783 2580 845 2633; x_wconf 91' lang='lat' dir='ltr'><strong>et</strong></span> <span class='ocrx_word' id='word_1_159' title='bbox 876 2570 1286 2633; x_wconf 87' lang='lat' dir='ltr'><strong>ambitionem</strong></span> <span class='ocrx_word' id='word_1_160' title='bbox 1309 2572 1620 2634; x_wconf 85' lang='lat' dir='ltr'><strong>Benearni</strong></span> <span class='ocrx_word' id='word_1_161' title='bbox 1647 2572 1947 2653; x_wconf 90' lang='lat' dir='ltr'><strong>principis</strong></span> <span class='ocrx_word' id='word_1_162' title='bbox 1977 2572 2281 2654; x_wconf 83' lang='lat' dir='ltr'><strong>praecidit.</strong></span> <span class='ocrx_word' id='word_1_163' title='bbox 2315 2572 2626 2633; x_wconf 88' lang='lat' dir='ltr'><strong>Libellum</strong></span> <span class='ocrx_word' id='word_1_164' title='bbox 2657 2592 2796 2633; x_wconf 87' lang='lat' dir='ltr'><strong>aus·</strong></span> 
     </span>
     <span class='ocr_line' id='line_1_22' title="bbox 448 2670 2370 2750; baseline 0.002 -22"><span class='ocrx_word' id='word_1_165' title='bbox 448 2670 694 2749; x_wconf 88' lang='lat' dir='ltr'><strong>picatus</strong></span> <span class='ocrx_word' id='word_1_166' title='bbox 726 2676 816 2731; x_wconf 89' lang='lat' dir='ltr'><strong>est</strong></span> <span class='ocrx_word' id='word_1_167' title='bbox 848 2670 1266 2731; x_wconf 88' lang='lat' dir='ltr'><strong>hoc-carmine</strong></span> <span class='ocrx_word' id='word_1_168' title='bbox 1297 2671 1363 2730; x_wconf 90' lang='lat' dir='ltr'><strong>in</strong></span> <span class='ocrx_word' id='word_1_169' title='bbox 1389 2671 1698 2732; x_wconf 88' lang='lat' dir='ltr'><strong>honorem</strong></span> <span class='ocrx_word' id='word_1_170' title='bbox 1726 2672 1938 2733; x_wconf 80' lang='lat' dir='ltr'><strong>Galliae</strong></span> <span class='ocrx_word' id='word_1_171' title='bbox 1971 2671 2322 2750; x_wconf 88' lang='lat' dir='ltr'><strong>composito</strong></span> <span class='ocrx_word' id='word_1_172' title='bbox 2356 2690 2370 2732; x_wconf 73' lang='grc' dir='ltr'><em>τ</em></span> 
     </span>
    </p>
   </div>
   <div class='ocr_carea' id='block_1_5' title="bbox 802 2848 2332 3080">
    <p class='ocr_par' dir='ltr' id='par_1_7' title="bbox 802 2848 2332 3080">
     <span class='ocr_line' id='line_1_23' title="bbox 803 2848 2287 2920; baseline -0.001 -16"><span class='ocrx_word' id='word_1_173' title='bbox 803 2851 922 2904; x_wconf 85' lang='grc' dir='ltr'><strong>Τοη</strong></span> <span class='ocrx_word' id='word_1_174' title='bbox 950 2850 1019 2904; x_wconf 84' lang='lat' dir='ltr'><strong>lis</strong></span> <span class='ocrx_word' id='word_1_175' title='bbox 1052 2850 1174 2904; x_wconf 89' lang='lat' dir='ltr'><strong>s’en</strong></span> <span class='ocrx_word' id='word_1_176' title='bbox 1208 2867 1277 2904; x_wconf 87' lang='lat' dir='ltr'><strong>va</strong></span> <span class='ocrx_word' id='word_1_177' title='bbox 1306 2849 1543 2919; x_wconf 88' lang='lat' dir='ltr'><strong>mourir,</strong></span> <span class='ocrx_word' id='word_1_178' title='bbox 1572 2849 1682 2904; x_wconf 82' lang='lat' dir='ltr'><strong>l’en</strong></span> <span class='ocrx_word' id='word_1_179' title='bbox 1711 2854 1964 2920; x_wconf 87' lang='lat' dir='ltr'><strong>peux-tu</strong></span> <span class='ocrx_word' id='word_1_180' title='bbox 1994 2848 2287 2920; x_wconf 78' lang='lat' dir='ltr'><strong>garantir?</strong></span> 
     </span>
     <span class='ocr_line' id='line_1_24' title="bbox 802 2928 2332 3001; baseline -0.001 -17"><span class='ocrx_word' id='word_1_181' title='bbox 802 2932 847 2985; x_wconf 89' lang='lat' dir='ltr'><strong>Il</strong></span> <span class='ocrx_word' id='word_1_182' title='bbox 879 2947 987 3001; x_wconf 89' lang='lat' dir='ltr'><strong>pue</strong></span> <span class='ocrx_word' id='word_1_183' title='bbox 1018 2947 1092 2985; x_wconf 84' lang='lat' dir='ltr'><strong>au</strong></span> <span class='ocrx_word' id='word_1_184' title='bbox 1122 2947 1224 2984; x_wconf 90' lang='lat' dir='ltr'><strong>nez</strong></span> <span class='ocrx_word' id='word_1_185' title='bbox 1254 2930 1321 2984; x_wconf 88' lang='lat' dir='ltr'><strong>de</strong></span> <span class='ocrx_word' id='word_1_186' title='bbox 1353 2929 1494 2984; x_wconf 90' lang='lat' dir='ltr'><strong>Dieu</strong></span> <span class='ocrx_word' id='word_1_187' title='bbox 1518 2946 1746 2984; x_wconf 89' lang='lat' dir='ltr'><strong>comme</strong></span> <span class='ocrx_word' id='word_1_188' title='bbox 1778 2946 1888 2984; x_wconf 92' lang='lat' dir='ltr'><strong>une</strong></span> <span class='ocrx_word' id='word_1_189' title='bbox 1915 2929 2064 2982; x_wconf 87' lang='lat' dir='ltr'><strong>fleur</strong></span> <span class='ocrx_word' id='word_1_190' title='bbox 2085 2928 2332 2999; x_wconf 89' lang='lat' dir='ltr'><strong>impure,</strong></span> 
     </span>
     <span class='ocr_line' id='line_1_25' title="bbox 804 3008 2224 3080; baseline -0.003 -14"><span class='ocrx_word' id='word_1_191' title='bbox 804 3011 849 3066; x_wconf 96' lang='lat' dir='ltr'><strong>ll</strong></span> <span class='ocrx_word' id='word_1_192' title='bbox 876 3009 951 3065; x_wconf 85' lang='lat' dir='ltr'><strong>l’a</strong></span> <span class='ocrx_word' id='word_1_193' title='bbox 977 3010 1089 3066; x_wconf 88' lang='lat' dir='ltr'><strong>mis</strong></span> <span class='ocrx_word' id='word_1_194' title='bbox 1122 3027 1251 3065; x_wconf 88' lang='lat' dir='ltr'><strong>sous</strong></span> <span class='ocrx_word' id='word_1_195' title='bbox 1280 3010 1333 3065; x_wconf 93' lang='lat' dir='ltr'><strong>le</strong></span> <span class='ocrx_word' id='word_1_196' title='bbox 1362 3008 1497 3080; x_wconf 88' lang='lat' dir='ltr'><strong>pied</strong></span> <span class='ocrx_word' id='word_1_197' title='bbox 1526 3025 1672 3080; x_wconf 90' lang='lat' dir='ltr'><strong>pour</strong></span> <span class='ocrx_word' id='word_1_198' title='bbox 1701 3025 1772 3062; x_wconf 91' lang='lat' dir='ltr'><strong>ne</strong></span> <span class='ocrx_word' id='word_1_199' title='bbox 1801 3009 1854 3064; x_wconf 90' lang='lat' dir='ltr'><strong>le</strong></span> <span class='ocrx_word' id='word_1_200' title='bbox 1878 3010 2002 3079; x_wconf 88' lang='lat' dir='ltr'><strong>plus</strong></span> <span class='ocrx_word' id='word_1_201' title='bbox 2031 3008 2224 3062; x_wconf 84' lang='lat' dir='ltr'><strong>sentir.</strong></span> 
     </span>
    </p>
   </div>
   <div class='ocr_carea' id='block_1_6' title="bbox 424 3193 2808 4256">
    <p class='ocr_par' dir='ltr' id='par_1_8' title="bbox 424 3193 2808 4256">
     <span class='ocr_line' id='line_1_26' title="bbox 530 3193 2800 3277; baseline 0 -25"><span class='ocrx_word' id='word_1_202' title='bbox 530 3219 560 3252; x_wconf 89' lang='lat'>«</span> <span class='ocrx_word' id='word_1_203' title='bbox 588 3196 683 3256; x_wconf 90' lang='lat' dir='ltr'><strong>Ab</strong></span> <span class='ocrx_word' id='word_1_204' title='bbox 716 3195 1030 3257; x_wconf 81' lang='lat' dir='ltr'><strong>haereticis</strong></span> <span class='ocrx_word' id='word_1_205' title='bbox 1051 3214 1279 3277; x_wconf 88' lang='lat' dir='ltr'><strong>nempe</strong></span> <span class='ocrx_word' id='word_1_206' title='bbox 1303 3195 1614 3275; x_wconf 87' lang='lat' dir='ltr'><strong>flagitium</strong></span> <span class='ocrx_word' id='word_1_207' title='bbox 1643 3214 1829 3256; x_wconf 89' lang='lat' dir='ltr'><strong>omne</strong></span> <span class='ocrx_word' id='word_1_208' title='bbox 1858 3200 1920 3256; x_wconf 91' lang='lat' dir='ltr'><strong>et</strong></span> <span class='ocrx_word' id='word_1_209' title='bbox 1948 3195 2121 3255; x_wconf 87' lang='lat' dir='ltr'><strong>labes</strong></span> <span class='ocrx_word' id='word_1_210' title='bbox 2147 3201 2290 3256; x_wconf 83' lang='lat' dir='ltr'><strong>orta</strong></span> <span class='ocrx_word' id='word_1_211' title='bbox 2319 3215 2331 3254; x_wconf 93' lang='lat'><strong>:</strong></span> <span class='ocrx_word' id='word_1_212' title='bbox 2367 3193 2536 3275; x_wconf 91' lang='lat' dir='ltr'><strong>quod</strong></span> <span class='ocrx_word' id='word_1_213' title='bbox 2561 3193 2800 3254; x_wconf 89' lang='lat' dir='ltr'><strong>malum</strong></span> 
     </span>
     <span class='ocr_line' id='line_1_27' title="bbox 448 3287 2804 3375; baseline -0.001 -22"><span class='ocrx_word' id='word_1_214' title='bbox 448 3312 599 3354; x_wconf 88' lang='lat' dir='ltr'><strong>sane</strong></span> <span class='ocrx_word' id='word_1_215' title='bbox 638 3293 941 3367; x_wconf 79' lang='lat' dir='ltr'><strong>radicitus</strong></span> <span class='ocrx_word' id='word_1_216' title='bbox 978 3293 1113 3356; x_wconf 89' lang='lat' dir='ltr'><strong>erui</strong></span> <span class='ocrx_word' id='word_1_217' title='bbox 1154 3301 1426 3375; x_wconf 87' lang='lat' dir='ltr'><strong>poterat,</strong></span> <span class='ocrx_word' id='word_1_218' title='bbox 1479 3293 1543 3354; x_wconf 88' lang='lat' dir='ltr'><strong>ni</strong></span> <span class='ocrx_word' id='word_1_219' title='bbox 1585 3293 1891 3354; x_wconf 84' lang='lat' dir='ltr'><strong>abfuisset</strong></span> <span class='ocrx_word' id='word_1_220' title='bbox 1929 3291 2278 3353; x_wconf 89' lang='lat' dir='ltr'><strong>inhumana</strong></span> <span class='ocrx_word' id='word_1_221' title='bbox 2313 3291 2672 3365; x_wconf 86' lang='lat' dir='ltr'><strong>clementia,</strong></span> <span class='ocrx_word' id='word_1_222' title='bbox 2715 3287 2804 3351; x_wconf 88' lang='lat' dir='ltr'><strong>ait</strong></span> 
     </span>
     <span class='ocr_line' id='line_1_28' title="bbox 424 3377 2804 3470; baseline -0.002 -19"><span class='ocrx_word' id='word_1_223' title='bbox 424 3377 844 3454; x_wconf 72' lang='lat' dir='ltr'><strong>Aurelianus,</strong></span> <span class='ocrx_word' id='word_1_224' title='bbox 873 3393 1075 3464; x_wconf 89' lang='lat' dir='ltr'><strong>Quum</strong></span> <span class='ocrx_word' id='word_1_225' title='bbox 1105 3393 1272 3452; x_wconf 88' lang='lat' dir='ltr'><strong>enim</strong></span> <span class='ocrx_word' id='word_1_226' title='bbox 1294 3393 1580 3453; x_wconf 89' lang='lat' dir='ltr'><strong>vitiatum</strong></span> <span class='ocrx_word' id='word_1_227' title='bbox 1610 3391 1983 3470; x_wconf 86' lang='lat' dir='ltr'><strong>sanguinem</strong></span> <span class='ocrx_word' id='word_1_228' title='bbox 2015 3409 2051 3450; x_wconf 87' lang='lat' dir='ltr'><strong>a</strong></span> <span class='ocrx_word' id='word_1_229' title='bbox 2079 3388 2308 3450; x_wconf 84' lang='lat' dir='ltr'><strong>tabidis</strong></span> <span class='ocrx_word' id='word_1_230' title='bbox 2336 3388 2637 3450; x_wconf 89' lang='lat' dir='ltr'><strong>membris</strong></span> <span class='ocrx_word' id='word_1_231' title='bbox 2661 3386 2804 3449; x_wconf 90' lang='lat' dir='ltr'><strong>elici</strong></span> 
     </span>
     <span class='ocr_line' id='line_1_29' title="bbox 452 3486 2798 3571; baseline -0.002 -21"><span class='ocrx_word' id='word_1_232' title='bbox 452 3508 701 3551; x_wconf 89' lang='lat' dir='ltr'><strong>necesse</strong></span> <span class='ocrx_word' id='word_1_233' title='bbox 745 3496 929 3565; x_wconf 87' lang='lat' dir='ltr'><strong>esset,</strong></span> <span class='ocrx_word' id='word_1_234' title='bbox 962 3510 1075 3570; x_wconf 88' lang='lat' dir='ltr'><strong>per</strong></span> <span class='ocrx_word' id='word_1_235' title='bbox 1113 3509 1374 3571; x_wconf 86' lang='lat' dir='ltr'><strong>pravam</strong></span> <span class='ocrx_word' id='word_1_236' title='bbox 1418 3497 1481 3552; x_wconf 90' lang='lat' dir='ltr'><strong>et</strong></span> <span class='ocrx_word' id='word_1_237' title='bbox 1531 3489 2066 3550; x_wconf 84' lang='lat' dir='ltr'><strong>inconsideratam</strong></span> <span class='ocrx_word' id='word_1_238' title='bbox 2109 3486 2604 3548; x_wconf 87' lang='lat' dir='ltr'><strong>misericordiam</strong></span> <span class='ocrx_word' id='word_1_239' title='bbox 2644 3488 2798 3548; x_wconf 84' lang='lat' dir='ltr'><strong>San-</strong></span> 
     </span>
     <span class='ocr_line' id='line_1_30' title="bbox 453 3587 2804 3667; baseline -0.001 -21"><span class='ocrx_word' id='word_1_240' title='bbox 453 3587 918 3649; x_wconf 82' lang='lat' dir='ltr'><strong>bartholomaea</strong></span> <span class='ocrx_word' id='word_1_241' title='bbox 947 3589 1070 3663; x_wconf 90' lang='lat' dir='ltr'><strong>die,</strong></span> <span class='ocrx_word' id='word_1_242' title='bbox 1095 3589 1235 3667; x_wconf 87' lang='lat' dir='ltr'><strong>plus</strong></span> <span class='ocrx_word' id='word_1_243' title='bbox 1274 3589 1498 3650; x_wconf 89' lang='lat' dir='ltr'><strong>veneni</strong></span> <span class='ocrx_word' id='word_1_244' title='bbox 1534 3595 1858 3650; x_wconf 87' lang='lat' dir='ltr'><strong>servatum</strong></span> <span class='ocrx_word' id='word_1_245' title='bbox 1899 3593 1992 3648; x_wconf 87' lang='lat' dir='ltr'><strong>est</strong></span> <span class='ocrx_word' id='word_1_246' title='bbox 2033 3605 2224 3667; x_wconf 89' lang='lat' dir='ltr'><strong>quam</strong></span> <span class='ocrx_word' id='word_1_247' title='bbox 2262 3594 2332 3648; x_wconf 89' lang='lat' dir='ltr'><strong>ut</strong></span> <span class='ocrx_word' id='word_1_248' title='bbox 2365 3592 2571 3647; x_wconf 88' lang='lat' dir='ltr'><strong>totum</strong></span> <span class='ocrx_word' id='word_1_249' title='bbox 2613 3602 2804 3645; x_wconf 82' lang='lat' dir='ltr'><strong>sana-</strong></span> 
     </span>
     <span class='ocr_line' id='line_1_31' title="bbox 453 3680 2802 3766; baseline -0.001 -22"><span class='ocrx_word' id='word_1_250' title='bbox 453 3691 626 3746; x_wconf 88' lang='lat' dir='ltr'><strong>retur</strong></span> <span class='ocrx_word' id='word_1_251' title='bbox 656 3704 906 3764; x_wconf 82' lang='lat' dir='ltr'><strong>corpuS.</strong></span> <span class='ocrx_word' id='word_1_252' title='bbox 944 3685 1059 3766; x_wconf 93' lang='lat' dir='ltr'><strong>(Ab</strong></span> <span class='ocrx_word' id='word_1_253' title='bbox 1089 3686 1521 3748; x_wconf 89' lang='lat' dir='ltr'><strong>internecione</strong></span> <span class='ocrx_word' id='word_1_254' title='bbox 1554 3692 1850 3766; x_wconf 88' lang='lat' dir='ltr'><strong>exceptos</strong></span> <span class='ocrx_word' id='word_1_255' title='bbox 1880 3685 2218 3746; x_wconf 84' lang='lat' dir='ltr'><strong>Condaeum</strong></span> <span class='ocrx_word' id='word_1_256' title='bbox 2251 3684 2386 3745; x_wconf 88' lang='lat' dir='ltr'><strong>sine</strong></span> <span class='ocrx_word' id='word_1_257' title='bbox 2416 3683 2610 3744; x_wconf 87' lang='lat' dir='ltr'><strong>dubio</strong></span> <span class='ocrx_word' id='word_1_258' title='bbox 2637 3680 2802 3742; x_wconf 86' lang='lat' dir='ltr'><strong>desi-</strong></span> 
     </span>
     <span class='ocr_line' id='line_1_32' title="bbox 454 3780 2803 3864; baseline -0.001 -22"><span class='ocrx_word' id='word_1_259' title='bbox 454 3790 609 3861; x_wconf 86' lang='lat' dir='ltr'><strong>gnat</strong></span> <span class='ocrx_word' id='word_1_260' title='bbox 632 3789 693 3844; x_wconf 91' lang='lat' dir='ltr'><strong>et</strong></span> <span class='ocrx_word' id='word_1_261' title='bbox 721 3782 1125 3864; x_wconf 88' lang='lat' dir='ltr'><strong>Navarrum.)</strong></span> <span class='ocrx_word' id='word_1_262' title='bbox 1160 3784 1293 3855; x_wconf 89' lang='lat' dir='ltr'><strong>Quo</strong></span> <span class='ocrx_word' id='word_1_263' title='bbox 1331 3784 1572 3845; x_wconf 88' lang='lat' dir='ltr'><strong>factum</strong></span> <span class='ocrx_word' id='word_1_264' title='bbox 1602 3790 1695 3845; x_wconf 91' lang='lat' dir='ltr'><strong>est</strong></span> <span class='ocrx_word' id='word_1_265' title='bbox 1723 3792 1793 3845; x_wconf 91' lang='lat' dir='ltr'><strong>ut</strong></span> <span class='ocrx_word' id='word_1_266' title='bbox 1821 3803 2006 3844; x_wconf 86' lang='lat' dir='ltr'><strong>sanas</strong></span> <span class='ocrx_word' id='word_1_267' title='bbox 2040 3783 2228 3844; x_wconf 90' lang='lat' dir='ltr'><strong>etiam</strong></span> <span class='ocrx_word' id='word_1_268' title='bbox 2269 3788 2481 3862; x_wconf 88' lang='lat' dir='ltr'><strong>partes</strong></span> <span class='ocrx_word' id='word_1_269' title='bbox 2509 3780 2803 3858; x_wconf 82' lang='lat' dir='ltr'><strong>contagio</strong></span> 
     </span>
     <span class='ocr_line' id='line_1_33' title="bbox 447 3878 2808 3963; baseline -0.002 -21"><span class='ocrx_word' id='word_1_270' title='bbox 447 3880 713 3961; x_wconf 89' lang='lat' dir='ltr'><strong>jamjam</strong></span> <span class='ocrx_word' id='word_1_271' title='bbox 756 3881 836 3942; x_wconf 88' lang='lat' dir='ltr'><strong>sit</strong></span> <span class='ocrx_word' id='word_1_272' title='bbox 870 3887 1279 3963; x_wconf 85' lang='lat' dir='ltr'><strong>corruptura;</strong></span> <span class='ocrx_word' id='word_1_273' title='bbox 1310 3888 1371 3942; x_wconf 90' lang='lat' dir='ltr'><strong>et</strong></span> <span class='ocrx_word' id='word_1_274' title='bbox 1402 3885 1568 3945; x_wconf 91' lang='lat' dir='ltr'><strong>Deus</strong></span> <span class='ocrx_word' id='word_1_275' title='bbox 1607 3883 1740 3961; x_wconf 90' lang='lat' dir='ltr'><strong>ipse</strong></span> <span class='ocrx_word' id='word_1_276' title='bbox 1779 3883 1841 3942; x_wconf 90' lang='lat' dir='ltr'><strong>in</strong></span> <span class='ocrx_word' id='word_1_277' title='bbox 1883 3901 1998 3942; x_wconf 88' lang='lat' dir='ltr'><strong>nos</strong></span> <span class='ocrx_word' id='word_1_278' title='bbox 2054 3881 2382 3953; x_wconf 80' lang='lat' dir='ltr'><strong>irascatur,</strong></span> <span class='ocrx_word' id='word_1_279' title='bbox 2435 3884 2504 3939; x_wconf 90' lang='lat' dir='ltr'><strong>ut</strong></span> <span class='ocrx_word' id='word_1_280' title='bbox 2550 3878 2615 3938; x_wconf 89' lang='lat' dir='ltr'><strong>in</strong></span> <span class='ocrx_word' id='word_1_281' title='bbox 2653 3878 2808 3939; x_wconf 81' lang='lat' dir='ltr'><strong>Saiil</strong></span> 
     </span>
     <span class='ocr_line' id='line_1_34' title="bbox 454 3975 2808 4061; baseline -0.002 -22"><span class='ocrx_word' id='word_1_282' title='bbox 454 3980 777 4059; x_wconf 83' lang='lat' dir='ltr'><strong>quondam</strong></span> <span class='ocrx_word' id='word_1_283' title='bbox 808 3986 1067 4061; x_wconf 86' lang='lat' dir='ltr'><strong>propter</strong></span> <span class='ocrx_word' id='word_1_284' title='bbox 1093 3987 1408 4041; x_wconf 85' lang='lat' dir='ltr'><strong>servatum</strong></span> <span class='ocrx_word' id='word_1_285' title='bbox 1443 3979 1880 4041; x_wconf 89' lang='lat' dir='ltr'><strong>Amalechum.</strong></span> <span class='ocrx_word' id='word_1_286' title='bbox 1915 3981 2056 4042; x_wconf 88' lang='lat' dir='ltr'><strong>Non</strong></span> <span class='ocrx_word' id='word_1_287' title='bbox 2077 3978 2251 4058; x_wconf 89' lang='lat' dir='ltr'><strong>quod</strong></span> <span class='ocrx_word' id='word_1_288' title='bbox 2275 3995 2564 4039; x_wconf 90' lang='lat' dir='ltr'><strong>cruorem</strong></span> <span class='ocrx_word' id='word_1_289' title='bbox 2590 3975 2808 4036; x_wconf 86' lang='lat' dir='ltr'><strong>sitiant</strong></span> 
     </span>
     <span class='ocr_line' id='line_1_35' title="bbox 454 4074 2802 4159; baseline -0.002 -22"><span class='ocrx_word' id='word_1_290' title='bbox 454 4077 748 4138; x_wconf 82' lang='lat' dir='ltr'><strong>catholici</strong></span> <span class='ocrx_word' id='word_1_291' title='bbox 780 4084 891 4138; x_wconf 88' lang='lat' dir='ltr'><strong>aut</strong></span> <span class='ocrx_word' id='word_1_292' title='bbox 920 4079 1314 4159; x_wconf 85' lang='lat' dir='ltr'><strong>interemptis</strong></span> <span class='ocrx_word' id='word_1_293' title='bbox 1344 4078 1740 4158; x_wconf 89' lang='lat' dir='ltr'><strong>principibus</strong></span> <span class='ocrx_word' id='word_1_294' title='bbox 1769 4077 2111 4156; x_wconf 82' lang='lat' dir='ltr'><strong>gaudeant,</strong></span> <span class='ocrx_word' id='word_1_295' title='bbox 2141 4075 2247 4154; x_wconf 88' lang='lat' dir='ltr'><strong>qui</strong></span> <span class='ocrx_word' id='word_1_296' title='bbox 2287 4074 2495 4134; x_wconf 88' lang='lat' dir='ltr'><strong>nullos</strong></span> <span class='ocrx_word' id='word_1_297' title='bbox 2525 4091 2802 4152; x_wconf 88' lang='lat' dir='ltr'><strong>unquam</strong></span> 
     </span>
     <span class='ocr_line' id='line_1_36' title="bbox 455 4171 2808 4256; baseline -0.003 -20"><span class='ocrx_word' id='word_1_298' title='bbox 455 4177 771 4237; x_wconf 89' lang='lat' dir='ltr'><strong>Poltrotos</strong></span> <span class='ocrx_word' id='word_1_299' title='bbox 800 4177 1262 4254; x_wconf 87' lang='lat' dir='ltr'><strong>suscitaverint,</strong></span> <span class='ocrx_word' id='word_1_300' title='bbox 1298 4178 1405 4238; x_wconf 87' lang='lat' dir='ltr'><strong>sed</strong></span> <span class='ocrx_word' id='word_1_301' title='bbox 1426 4196 1624 4256; x_wconf 91' lang='lat' dir='ltr'><strong>quum</strong></span> <span class='ocrx_word' id='word_1_302' title='bbox 1644 4175 2056 4236; x_wconf 81' lang='lat' dir='ltr'><strong>haereticusin</strong></span> <span class='ocrx_word' id='word_1_303' title='bbox 2075 4174 2348 4249; x_wconf 88' lang='lat' dir='ltr'><strong>civitate,</strong></span> <span class='ocrx_word' id='word_1_304' title='bbox 2381 4172 2543 4233; x_wconf 88' lang='lat' dir='ltr'><strong>sicut</strong></span> <span class='ocrx_word' id='word_1_305' title='bbox 2571 4171 2638 4230; x_wconf 90' lang='lat' dir='ltr'><strong>in</strong></span> <span class='ocrx_word' id='word_1_306' title='bbox 2667 4189 2808 4232; x_wconf 89' lang='lat' dir='ltr'><strong>cor-</strong></span> 
     </span>
    </p>
   </div>
   <div class='ocr_carea' id='block_1_7' title="bbox 522 4399 2805 4472">
    <p class='ocr_par' dir='ltr' id='par_1_9' title="bbox 522 4399 2805 4472">
     <span class='ocr_line' id='line_1_37' title="bbox 522 4399 2805 4472; baseline -0.004 -15"><span class='ocrx_word' id='word_1_307' title='bbox 522 4412 565 4457; x_wconf 82' lang='lat'><strong>1.</strong></span> <span class='ocrx_word' id='word_1_308' title='bbox 582 4407 1047 4458; x_wconf 83' lang='lat' dir='ltr'><strong>Advertissement</strong></span> <span class='ocrx_word' id='word_1_309' title='bbox 1067 4409 1163 4460; x_wconf 90' lang='lat' dir='ltr'><strong>des</strong></span> <span class='ocrx_word' id='word_1_310' title='bbox 1183 4410 1515 4472; x_wconf 84' lang='lat' dir='ltr'><strong>catholiques</strong></span> <span class='ocrx_word' id='word_1_311' title='bbox 1536 4409 1748 4471; x_wconf 83' lang='lat' dir='ltr'><strong>anglois</strong></span> <span class='ocrx_word' id='word_1_312' title='bbox 1769 4422 1874 4457; x_wconf 85' lang='lat' dir='ltr'><strong>aux</strong></span> <span class='ocrx_word' id='word_1_313' title='bbox 1897 4407 2146 4470; x_wconf 68' lang='lat' dir='ltr'><strong>Francois</strong></span> <span class='ocrx_word' id='word_1_314' title='bbox 2162 4399 2805 4466; x_wconf 79' lang='lat' dir='ltr'><strong>catholique8,etc.,1586.</strong></span> 
     </span>
    </p>
   </div>
  </div>
 </body>
</html>
