<?xml version="1.0" encoding="UTF-8"?>
<!DOCTYPE html PUBLIC "-//W3C//DTD XHTML 1.0 Transitional//EN"
    "http://www.w3.org/TR/xhtml1/DTD/xhtml1-transitional.dtd">
<html xmlns="http://www.w3.org/1999/xhtml" xml:lang="en" lang="en">
 <head>
  <title>
</title>
<meta http-equiv="Content-Type" content="text/html;charset=utf-8" />
  <meta name='ocr-system' content='tesseract 3.04.00' />
  <meta name='ocr-capabilities' content='ocr_page ocr_carea ocr_par ocr_line ocrx_word'/>
</head>
<body>
  <div class='ocr_page' id='page_1' title='image "./detyrannicidica00douagoog_0099.png"; bbox 0 0 3131 5145; ppageno 0'>
   <div class='ocr_carea' id='block_1_1' title="bbox 1210 472 1623 537">
    <p class='ocr_par' dir='ltr' id='par_1_1' title="bbox 1210 472 1623 537">
     <span class='ocr_line' id='line_1_1' title="bbox 1210 472 1623 537; baseline 0 -1"><span class='ocrx_word' id='word_1_1' title='bbox 1210 472 1623 537; x_wconf 85' lang='lat'><strong>·-81—</strong></span> 
     </span>
    </p>
   </div>
   <div class='ocr_carea' id='block_1_2' title="bbox 262 605 2632 1372">
    <p class='ocr_par' dir='ltr' id='par_1_2' title="bbox 262 605 2632 1372">
     <span class='ocr_line' id='line_1_2' title="bbox 262 605 2630 689; baseline 0.003 -24"><span class='ocrx_word' id='word_1_2' title='bbox 262 607 578 685; x_wconf 78' lang='lat' dir='ltr'>corporiS,</span> <span class='ocrx_word' id='word_1_3' title='bbox 630 605 1105 686; x_wconf 88' lang='lat' dir='ltr'>communisque</span> <span class='ocrx_word' id='word_1_4' title='bbox 1160 607 1319 669; x_wconf 92' lang='lat' dir='ltr'>adeo</span> <span class='ocrx_word' id='word_1_5' title='bbox 1384 608 1622 685; x_wconf 80' lang='lat' dir='ltr'>matriS‚</span> <span class='ocrx_word' id='word_1_6' title='bbox 1671 629 1814 689; x_wconf 65' lang='lat' dir='ltr'>quae</span> <span class='ocrx_word' id='word_1_7' title='bbox 1869 610 2081 689; x_wconf 89' lang='lat' dir='ltr'>patria</span> <span class='ocrx_word' id='word_1_8' title='bbox 2131 616 2247 684; x_wconf 88' lang='lat' dir='ltr'>est,</span> <span class='ocrx_word' id='word_1_9' title='bbox 2302 611 2630 673; x_wconf 87' lang='lat' dir='ltr'>interitum</span> 
     </span>
     <span class='ocr_line' id='line_1_3' title="bbox 268 702 2628 790; baseline 0.004 -27"><span class='ocrx_word' id='word_1_10' title='bbox 268 702 665 775; x_wconf 77' lang='lat' dir='ltr'><strong>molientem,</strong></span> <span class='ocrx_word' id='word_1_11' title='bbox 715 704 909 765; x_wconf 86' lang='lat' dir='ltr'>cuivis</span> <span class='ocrx_word' id='word_1_12' title='bbox 956 705 1217 786; x_wconf 88' lang='lat' dir='ltr'>impune</span> <span class='ocrx_word' id='word_1_13' title='bbox 1266 725 1339 767; x_wconf 90' lang='lat' dir='ltr'>ac</span> <span class='ocrx_word' id='word_1_14' title='bbox 1384 708 1541 768; x_wconf 91' lang='lat' dir='ltr'>citra</span> <span class='ocrx_word' id='word_1_15' title='bbox 1589 708 1896 769; x_wconf 80' lang='lat' dir='ltr'>offensam</span> <span class='ocrx_word' id='word_1_16' title='bbox 1948 710 2152 772; x_wconf 80' lang='lat' dir='ltr'>facere</span> <span class='ocrx_word' id='word_1_17' title='bbox 2197 710 2628 790; x_wconf 78' lang='lat' dir='ltr'><strong>permittatur.</strong></span> 
     </span>
     <span class='ocr_line' id='line_1_4' title="bbox 262 801 2625 887; baseline 0.003 -26"><span class='ocrx_word' id='word_1_18' title='bbox 262 802 449 873; x_wconf 82' lang='lat' dir='ltr'>Quod</span> <span class='ocrx_word' id='word_1_19' title='bbox 474 801 643 862; x_wconf 86' lang='lat' dir='ltr'>inter</span> <span class='ocrx_word' id='word_1_20' title='bbox 672 802 1051 864; x_wconf 87' lang='lat' dir='ltr'>christianos</span> <span class='ocrx_word' id='word_1_21' title='bbox 1079 808 1256 864; x_wconf 84' lang='lat' dir='ltr'>tanto</span> <span class='ocrx_word' id='word_1_22' title='bbox 1290 804 1491 881; x_wconf 85' lang='lat' dir='ltr'>magis</span> <span class='ocrx_word' id='word_1_23' title='bbox 1523 804 1708 866; x_wconf 90' lang='lat' dir='ltr'>licere</span> <span class='ocrx_word' id='word_1_24' title='bbox 1757 805 1966 879; x_wconf 89' lang='lat' dir='ltr'>debet,</span> <span class='ocrx_word' id='word_1_25' title='bbox 2002 812 2244 887; x_wconf 87' lang='lat' dir='ltr'>quanto</span> <span class='ocrx_word' id='word_1_26' title='bbox 2275 809 2482 887; x_wconf 88' lang='lat' dir='ltr'>majus</span> <span class='ocrx_word' id='word_1_27' title='bbox 2511 814 2625 879; x_wconf 80' lang='lat' dir='ltr'>est,</span> 
     </span>
     <span class='ocr_line' id='line_1_5' title="bbox 267 898 2628 984; baseline 0.003 -25"><span class='ocrx_word' id='word_1_28' title='bbox 267 899 438 979; x_wconf 87' lang='lat' dir='ltr'>quod</span> <span class='ocrx_word' id='word_1_29' title='bbox 468 898 548 959; x_wconf 88' lang='lat' dir='ltr'>iis</span> <span class='ocrx_word' id='word_1_30' title='bbox 574 919 613 959; x_wconf 90' lang='lat' dir='ltr'>a</span> <span class='ocrx_word' id='word_1_31' title='bbox 641 901 929 979; x_wconf 87' lang='lat' dir='ltr'>tyrannis</span> <span class='ocrx_word' id='word_1_32' title='bbox 968 919 1095 963; x_wconf 88' lang='lat' dir='ltr'>non</span> <span class='ocrx_word' id='word_1_33' title='bbox 1132 900 1494 980; x_wconf 74' lang='lat' dir='ltr'>reipublicae</span> <span class='ocrx_word' id='word_1_34' title='bbox 1532 909 1800 975; x_wconf 79' lang='lat' dir='ltr'>tantum,</span> <span class='ocrx_word' id='word_1_35' title='bbox 1845 902 1953 965; x_wconf 91' lang='lat' dir='ltr'>sed</span> <span class='ocrx_word' id='word_1_36' title='bbox 1997 910 2063 965; x_wconf 92' lang='lat' dir='ltr'>et</span> <span class='ocrx_word' id='word_1_37' title='bbox 2103 903 2422 983; x_wconf 82' lang='lat' dir='ltr'>religionis</span> <span class='ocrx_word' id='word_1_38' title='bbox 2457 905 2628 984; x_wconf 89' lang='lat' dir='ltr'>peri-</span> 
     </span>
     <span class='ocr_line' id='line_1_6' title="bbox 269 997 2628 1082; baseline 0.003 -25"><span class='ocrx_word' id='word_1_39' title='bbox 269 997 485 1057; x_wconf 83' lang='lat' dir='ltr'>culum</span> <span class='ocrx_word' id='word_1_40' title='bbox 526 1003 797 1059; x_wconf 82' lang='lat' dir='ltr'>creatur.</span> <span class='ocrx_word' id='word_1_41' title='bbox 842 998 1118 1071; x_wconf 82' lang='lat' dir='ltr'>Accedit,</span> <span class='ocrx_word' id='word_1_42' title='bbox 1169 998 1339 1079; x_wconf 90' lang='lat' dir='ltr'>quod</span> <span class='ocrx_word' id='word_1_43' title='bbox 1394 1008 1524 1059; x_wconf 90' lang='lat' dir='ltr'>tum</span> <span class='ocrx_word' id='word_1_44' title='bbox 1582 1001 1874 1080; x_wconf 89' lang='lat' dir='ltr'>princeps</span> <span class='ocrx_word' id='word_1_45' title='bbox 1923 1020 2055 1062; x_wconf 90' lang='lat' dir='ltr'>esse</span> <span class='ocrx_word' id='word_1_46' title='bbox 2108 1002 2358 1074; x_wconf 86' lang='lat' dir='ltr'>desinit,</span> <span class='ocrx_word' id='word_1_47' title='bbox 2397 1003 2628 1082; x_wconf 90' lang='lat' dir='ltr'>jusque</span> 
     </span>
     <span class='ocr_line' id='line_1_7' title="bbox 268 1091 2630 1178; baseline 0.003 -25"><span class='ocrx_word' id='word_1_48' title='bbox 268 1091 535 1171; x_wconf 90' lang='lat' dir='ltr'>dominii</span> <span class='ocrx_word' id='word_1_49' title='bbox 567 1094 825 1155; x_wconf 90' lang='lat' dir='ltr'>omnino</span> <span class='ocrx_word' id='word_1_50' title='bbox 855 1095 1111 1169; x_wconf 85' lang='lat' dir='ltr'>amittit,</span> <span class='ocrx_word' id='word_1_51' title='bbox 1154 1114 1296 1156; x_wconf 90' lang='lat' dir='ltr'>cum</span> <span class='ocrx_word' id='word_1_52' title='bbox 1338 1104 1399 1157; x_wconf 93' lang='lat' dir='ltr'>et</span> <span class='ocrx_word' id='word_1_53' title='bbox 1426 1096 1571 1176; x_wconf 86' lang='lat' dir='ltr'>jure</span> <span class='ocrx_word' id='word_1_54' title='bbox 1610 1096 1746 1175; x_wconf 89' lang='lat' dir='ltr'>ipso</span> <span class='ocrx_word' id='word_1_55' title='bbox 1786 1097 2018 1177; x_wconf 82' lang='lat' dir='ltr'>deponi</span> <span class='ocrx_word' id='word_1_56' title='bbox 2053 1103 2316 1172; x_wconf 89' lang='lat' dir='ltr'>constet,</span> <span class='ocrx_word' id='word_1_57' title='bbox 2359 1106 2424 1159; x_wconf 86' lang='lat' dir='ltr'>et</span> <span class='ocrx_word' id='word_1_58' title='bbox 2463 1116 2630 1178; x_wconf 83' lang='lat' dir='ltr'>prae-</span> 
     </span>
     <span class='ocr_line' id='line_1_8' title="bbox 268 1191 2544 1275; baseline -0 -24"><span class='ocrx_word' id='word_1_59' title='bbox 268 1197 443 1252; x_wconf 85' lang='lat' dir='ltr'>terea</span> <span class='ocrx_word' id='word_1_60' title='bbox 468 1191 855 1272; x_wconf 88' lang='lat' dir='ltr'>impossibile</span> <span class='ocrx_word' id='word_1_61' title='bbox 885 1192 966 1253; x_wconf 89' lang='lat' dir='ltr'>sit</span> <span class='ocrx_word' id='word_1_62' title='bbox 995 1194 1287 1255; x_wconf 90' lang='lat' dir='ltr'>eumdem</span> <span class='ocrx_word' id='word_1_63' title='bbox 1318 1200 1563 1273; x_wconf 90' lang='lat' dir='ltr'>patrem</span> <span class='ocrx_word' id='word_1_64' title='bbox 1597 1194 1783 1254; x_wconf 89' lang='lat' dir='ltr'>simul</span> <span class='ocrx_word' id='word_1_65' title='bbox 1813 1200 2002 1275; x_wconf 87' lang='lat' dir='ltr'>atque</span> <span class='ocrx_word' id='word_1_66' title='bbox 2043 1196 2286 1257; x_wconf 85' lang='lat' dir='ltr'>hostem</span> <span class='ocrx_word' id='word_1_67' title='bbox 2319 1215 2474 1257; x_wconf 89' lang='lat' dir='ltr'>esse.</span> <span class='ocrx_word' id='word_1_68' title='bbox 2516 1221 2544 1251; x_wconf 92' lang='lat'>»</span> 
     </span>
     <span class='ocr_line' id='line_1_9' title="bbox 346 1288 2632 1372; baseline 0.003 -24"><span class='ocrx_word' id='word_1_69' title='bbox 346 1290 425 1348; x_wconf 87' lang='lat' dir='ltr'>In</span> <span class='ocrx_word' id='word_1_70' title='bbox 447 1288 718 1369; x_wconf 84' lang='lat' dir='ltr'>septimo</span> <span class='ocrx_word' id='word_1_71' title='bbox 758 1288 1004 1351; x_wconf 90' lang='lat' dir='ltr'>decimo</span> <span class='ocrx_word' id='word_1_72' title='bbox 1044 1290 1345 1371; x_wconf 87' lang='lat' dir='ltr'>capitulo,</span> <span class='ocrx_word' id='word_1_73' title='bbox 1376 1289 1732 1351; x_wconf 79' lang='lat' dir='ltr'>doctrinam</span> <span class='ocrx_word' id='word_1_74' title='bbox 1782 1291 1859 1352; x_wconf 94' lang='lat' dir='ltr'>de</span> <span class='ocrx_word' id='word_1_75' title='bbox 1895 1292 2316 1372; x_wconf 80' lang='lat' dir='ltr'>tyrannicidio</span> <span class='ocrx_word' id='word_1_76' title='bbox 2351 1293 2632 1355; x_wconf 80' lang='lat' dir='ltr'>suffulcit</span> 
     </span>
    </p>
   </div>
   <div class='ocr_carea' id='block_1_3' title="bbox 166 1378 2624 1468">
    <p class='ocr_par' dir='ltr' id='par_1_3' title="bbox 166 1378 2624 1468">
     <span class='ocr_line' id='line_1_10' title="bbox 166 1378 2624 1468; baseline 0.001 -17"><span class='ocrx_word' id='word_1_77' title='bbox 166 1440 177 1451; x_wconf 70' lang='grc'>,</span> <span class='ocrx_word' id='word_1_78' title='bbox 268 1386 707 1467; x_wconf 83' lang='lat' dir='ltr'>exemplorum</span> <span class='ocrx_word' id='word_1_79' title='bbox 726 1378 1103 1449; x_wconf 55' lang='lat' dir='ltr'>&#39;auctoritate</span> <span class='ocrx_word' id='word_1_80' title='bbox 1130 1407 1273 1468; x_wconf 82' lang='lat' dir='ltr'>quae</span> <span class='ocrx_word' id='word_1_81' title='bbox 1298 1388 1579 1449; x_wconf 87' lang='lat' dir='ltr'>invocari</span> <span class='ocrx_word' id='word_1_82' title='bbox 1607 1389 1814 1449; x_wconf 79' lang='lat' dir='ltr'>solent</span> <span class='ocrx_word' id='word_1_83' title='bbox 1844 1396 1908 1449; x_wconf 86' lang='lat' dir='ltr'>et</span> <span class='ocrx_word' id='word_1_84' title='bbox 1931 1408 2006 1451; x_wconf 85' lang='lat' dir='ltr'>ex</span> <span class='ocrx_word' id='word_1_85' title='bbox 2029 1389 2341 1467; x_wconf 83' lang='lat' dir='ltr'>theologis</span> <span class='ocrx_word' id='word_1_86' title='bbox 2364 1391 2624 1455; x_wconf 84' lang='lat' dir='ltr'>hauriri.</span> 
     </span>
    </p>
   </div>
   <div class='ocr_carea' id='block_1_4' title="bbox 261 1484 2635 4501">
    <p class='ocr_par' dir='ltr' id='par_1_4' title="bbox 268 1484 2632 1939">
     <span class='ocr_line' id='line_1_11' title="bbox 269 1484 2625 1567; baseline 0.003 -24"><span class='ocrx_word' id='word_1_87' title='bbox 269 1484 438 1545; x_wconf 88' lang='lat' dir='ltr'>Inter</span> <span class='ocrx_word' id='word_1_88' title='bbox 465 1485 678 1565; x_wconf 90' lang='lat' dir='ltr'>plures</span> <span class='ocrx_word' id='word_1_89' title='bbox 700 1486 1008 1546; x_wconf 88' lang='lat' dir='ltr'>Joannem</span> <span class='ocrx_word' id='word_1_90' title='bbox 1032 1484 1570 1547; x_wconf 87' lang='lat' dir='ltr'>Saresberiensem</span> <span class='ocrx_word' id='word_1_91' title='bbox 1597 1486 1902 1566; x_wconf 80' lang='lat' dir='ltr'>appellat,</span> <span class='ocrx_word' id='word_1_92' title='bbox 1927 1487 2240 1567; x_wconf 87' lang='lat' dir='ltr'>etiamque</span> <span class='ocrx_word' id='word_1_93' title='bbox 2263 1490 2625 1556; x_wconf 77' lang='lat' dir='ltr'>Gersonem.</span> 
     </span>
     <span class='ocr_line' id='line_1_12' title="bbox 268 1582 2632 1666; baseline 0.002 -24"><span class='ocrx_word' id='word_1_94' title='bbox 268 1582 450 1662; x_wconf 86' lang='lat' dir='ltr'>cujus</span> <span class='ocrx_word' id='word_1_95' title='bbox 488 1582 688 1643; x_wconf 89' lang='lat' dir='ltr'>verba</span> <span class='ocrx_word' id='word_1_96' title='bbox 727 1582 976 1661; x_wconf 90' lang='lat' dir='ltr'>prolata</span> <span class='ocrx_word' id='word_1_97' title='bbox 1011 1584 1091 1645; x_wconf 86' lang='lat' dir='ltr'>ad</span> <span class='ocrx_word' id='word_1_98' title='bbox 1124 1583 1245 1644; x_wconf 90' lang='lat' dir='ltr'>vim</span> <span class='ocrx_word' id='word_1_99' title='bbox 1280 1584 1339 1643; x_wconf 89' lang='lat' dir='ltr'>vi</span> <span class='ocrx_word' id='word_1_100' title='bbox 1371 1583 1797 1663; x_wconf 85' lang='lat' dir='ltr'>repellendam</span> <span class='ocrx_word' id='word_1_101' title='bbox 1829 1590 2076 1645; x_wconf 88' lang='lat' dir='ltr'>tantum</span> <span class='ocrx_word' id='word_1_102' title='bbox 2102 1592 2410 1666; x_wconf 84' lang='lat' dir='ltr'>spectant,</span> <span class='ocrx_word' id='word_1_103' title='bbox 2443 1586 2506 1647; x_wconf 91' lang='lat' dir='ltr'>id</span> <span class='ocrx_word' id='word_1_104' title='bbox 2537 1594 2632 1648; x_wconf 87' lang='lat' dir='ltr'>est</span> 
     </span>
     <span class='ocr_line' id='line_1_13' title="bbox 271 1680 2629 1760; baseline 0.001 -19"><span class='ocrx_word' id='word_1_105' title='bbox 271 1680 349 1741; x_wconf 89' lang='lat' dir='ltr'>ad</span> <span class='ocrx_word' id='word_1_106' title='bbox 382 1680 483 1759; x_wconf 85' lang='lat' dir='ltr'>jus</span> <span class='ocrx_word' id='word_1_107' title='bbox 526 1680 877 1752; x_wconf 87' lang='lat' dir='ltr'>resistendi,</span> <span class='ocrx_word' id='word_1_108' title='bbox 910 1680 1169 1743; x_wconf 89' lang='lat' dir='ltr'>minime</span> <span class='ocrx_word' id='word_1_109' title='bbox 1210 1699 1357 1743; x_wconf 88' lang='lat' dir='ltr'>vero</span> <span class='ocrx_word' id='word_1_110' title='bbox 1399 1681 1479 1741; x_wconf 88' lang='lat' dir='ltr'>ad</span> <span class='ocrx_word' id='word_1_111' title='bbox 1508 1681 1614 1760; x_wconf 89' lang='lat' dir='ltr'>jus</span> <span class='ocrx_word' id='word_1_112' title='bbox 1653 1680 1999 1743; x_wconf 88' lang='lat' dir='ltr'>occidendi.</span> <span class='ocrx_word' id='word_1_113' title='bbox 2037 1684 2169 1744; x_wconf 88' lang='lat' dir='ltr'>Huc</span> <span class='ocrx_word' id='word_1_114' title='bbox 2213 1686 2524 1745; x_wconf 90' lang='lat' dir='ltr'>accedunt</span> <span class='ocrx_word' id='word_1_115' title='bbox 2553 1704 2629 1746; x_wconf 87' lang='lat' dir='ltr'>ex</span> 
     </span>
     <span class='ocr_line' id='line_1_14' title="bbox 269 1777 2628 1859; baseline 0.002 -20"><span class='ocrx_word' id='word_1_116' title='bbox 269 1777 489 1839; x_wconf 89' lang='lat' dir='ltr'>ordine</span> <span class='ocrx_word' id='word_1_117' title='bbox 526 1796 745 1839; x_wconf 89' lang='lat' dir='ltr'>omnes</span> <span class='ocrx_word' id='word_1_118' title='bbox 784 1786 1199 1859; x_wconf 87' lang='lat' dir='ltr'>tyrannorum</span> <span class='ocrx_word' id='word_1_119' title='bbox 1239 1779 1441 1840; x_wconf 77' lang='lat' dir='ltr'>caedes</span> <span class='ocrx_word' id='word_1_120' title='bbox 1481 1798 1559 1840; x_wconf 86' lang='lat' dir='ltr'>ex</span> <span class='ocrx_word' id='word_1_121' title='bbox 1603 1779 1796 1839; x_wconf 90' lang='lat' dir='ltr'>sacris</span> <span class='ocrx_word' id='word_1_122' title='bbox 1842 1780 2248 1859; x_wconf 82' lang='lat' dir='ltr'>profanisque</span> <span class='ocrx_word' id='word_1_123' title='bbox 2289 1782 2628 1843; x_wconf 85' lang='lat' dir='ltr'>annalibus</span> 
     </span>
     <span class='ocr_line' id='line_1_15' title="bbox 270 1876 512 1939; baseline 0.012 -3"><span class='ocrx_word' id='word_1_124' title='bbox 270 1876 512 1939; x_wconf 83' lang='lat' dir='ltr'>relatae.</span> 
     </span>
    </p>

    <p class='ocr_par' dir='ltr' id='par_1_5' title="bbox 268 1973 2630 3620">
     <span class='ocr_line' id='line_1_16' title="bbox 351 1973 2626 2056; baseline 0 -20"><span class='ocrx_word' id='word_1_125' title='bbox 351 1973 651 2054; x_wconf 88' lang='lat' dir='ltr'>Sequitur</span> <span class='ocrx_word' id='word_1_126' title='bbox 686 1973 1061 2053; x_wconf 85' lang='lat' dir='ltr'>disceptatio</span> <span class='ocrx_word' id='word_1_127' title='bbox 1112 1994 1239 2056; x_wconf 87' lang='lat' dir='ltr'>qua</span> <span class='ocrx_word' id='word_1_128' title='bbox 1286 1973 1714 2052; x_wconf 87' lang='lat' dir='ltr'>objectionum</span> <span class='ocrx_word' id='word_1_129' title='bbox 1764 1994 1879 2055; x_wconf 90' lang='lat' dir='ltr'>pro</span> <span class='ocrx_word' id='word_1_130' title='bbox 1927 1975 2209 2054; x_wconf 88' lang='lat' dir='ltr'>tyrannis</span> <span class='ocrx_word' id='word_1_131' title='bbox 2247 1976 2626 2037; x_wconf 85' lang='lat' dir='ltr'>solutionem</span> 
     </span>
     <span class='ocr_line' id='line_1_17' title="bbox 270 2072 2626 2154; baseline 0.001 -21"><span class='ocrx_word' id='word_1_132' title='bbox 270 2072 546 2133; x_wconf 82' lang='lat' dir='ltr'>exhibet.</span> <span class='ocrx_word' id='word_1_133' title='bbox 580 2074 918 2133; x_wconf 84' lang='lat' dir='ltr'>Auctorem</span> <span class='ocrx_word' id='word_1_134' title='bbox 962 2078 1247 2133; x_wconf 88' lang='lat' dir='ltr'>nostrum</span> <span class='ocrx_word' id='word_1_135' title='bbox 1288 2091 1399 2151; x_wconf 91' lang='lat' dir='ltr'>per</span> <span class='ocrx_word' id='word_1_136' title='bbox 1438 2072 1766 2133; x_wconf 83' lang='lat' dir='ltr'>confusam</span> <span class='ocrx_word' id='word_1_137' title='bbox 1807 2079 1870 2133; x_wconf 90' lang='lat' dir='ltr'>et</span> <span class='ocrx_word' id='word_1_138' title='bbox 1903 2072 2277 2151; x_wconf 88' lang='lat' dir='ltr'>indigestam</span> <span class='ocrx_word' id='word_1_139' title='bbox 2311 2074 2626 2154; x_wconf 86' lang='lat' dir='ltr'>discepta-</span> 
     </span>
     <span class='ocr_line' id='line_1_18' title="bbox 272 2170 2627 2252; baseline 0.001 -21"><span class='ocrx_word' id='word_1_140' title='bbox 272 2171 508 2231; x_wconf 80' lang='lat' dir='ltr'>tionem</span> <span class='ocrx_word' id='word_1_141' title='bbox 542 2170 921 2249; x_wconf 83' lang='lat' dir='ltr'>pedetentim</span> <span class='ocrx_word' id='word_1_142' title='bbox 956 2189 1083 2231; x_wconf 93' lang='lat' dir='ltr'>non</span> <span class='ocrx_word' id='word_1_143' title='bbox 1114 2188 1481 2249; x_wconf 89' lang='lat' dir='ltr'>sequemur;</span> <span class='ocrx_word' id='word_1_144' title='bbox 1508 2176 1605 2230; x_wconf 89' lang='lat' dir='ltr'>sat</span> <span class='ocrx_word' id='word_1_145' title='bbox 1634 2170 1754 2231; x_wconf 89' lang='lat' dir='ltr'>erit</span> <span class='ocrx_word' id='word_1_146' title='bbox 1783 2171 1862 2231; x_wconf 91' lang='lat' dir='ltr'>ad</span> <span class='ocrx_word' id='word_1_147' title='bbox 1893 2170 2318 2232; x_wconf 80' lang='lat' dir='ltr'>definiendum</span> <span class='ocrx_word' id='word_1_148' title='bbox 2342 2191 2470 2252; x_wconf 89' lang='lat' dir='ltr'>qua</span> <span class='ocrx_word' id='word_1_149' title='bbox 2493 2181 2627 2234; x_wconf 87' lang='lat' dir='ltr'>arte</span> 
     </span>
     <span class='ocr_line' id='line_1_19' title="bbox 272 2266 2627 2348; baseline 0.001 -20"><span class='ocrx_word' id='word_1_150' title='bbox 272 2268 761 2347; x_wconf 80' lang='lat' dir='ltr'>argumentandi</span> <span class='ocrx_word' id='word_1_151' title='bbox 800 2267 1085 2347; x_wconf 85' lang='lat' dir='ltr'>potiusve</span> <span class='ocrx_word' id='word_1_152' title='bbox 1125 2266 1464 2327; x_wconf 88' lang='lat' dir='ltr'>cavillandi</span> <span class='ocrx_word' id='word_1_153' title='bbox 1502 2286 1653 2328; x_wconf 90' lang='lat' dir='ltr'>usus</span> <span class='ocrx_word' id='word_1_154' title='bbox 1693 2268 1794 2340; x_wconf 90' lang='lat' dir='ltr'>sit,</span> <span class='ocrx_word' id='word_1_155' title='bbox 1831 2287 2025 2328; x_wconf 92' lang='lat' dir='ltr'>unum</span> <span class='ocrx_word' id='word_1_156' title='bbox 2056 2288 2388 2348; x_wconf 84' lang='lat' dir='ltr'>excerpere</span> <span class='ocrx_word' id='word_1_157' title='bbox 2417 2271 2627 2331; x_wconf 90' lang='lat' dir='ltr'>locum</span> 
     </span>
     <span class='ocr_line' id='line_1_20' title="bbox 272 2364 2630 2447; baseline 0.001 -20"><span class='ocrx_word' id='word_1_158' title='bbox 272 2386 395 2445; x_wconf 89' lang='lat' dir='ltr'>quo</span> <span class='ocrx_word' id='word_1_159' title='bbox 438 2386 477 2427; x_wconf 90' lang='lat' dir='ltr'>a</span> <span class='ocrx_word' id='word_1_160' title='bbox 512 2385 577 2427; x_wconf 88' lang='lat' dir='ltr'>se</span> <span class='ocrx_word' id='word_1_161' title='bbox 617 2366 753 2445; x_wconf 87' lang='lat' dir='ltr'>ipso</span> <span class='ocrx_word' id='word_1_162' title='bbox 792 2366 912 2425; x_wconf 89' lang='lat' dir='ltr'>sibi</span> <span class='ocrx_word' id='word_1_163' title='bbox 956 2366 1206 2444; x_wconf 88' lang='lat' dir='ltr'>objecta</span> <span class='ocrx_word' id='word_1_164' title='bbox 1254 2367 1503 2427; x_wconf 83' lang='lat' dir='ltr'>refutat.</span> <span class='ocrx_word' id='word_1_165' title='bbox 1550 2367 1630 2425; x_wconf 86' lang='lat' dir='ltr'>At</span> <span class='ocrx_word' id='word_1_166' title='bbox 1674 2364 1865 2439; x_wconf 88' lang='lat' dir='ltr'>enim,</span> <span class='ocrx_word' id='word_1_167' title='bbox 1916 2365 2142 2447; x_wconf 90' lang='lat' dir='ltr'>inquit,</span> <span class='ocrx_word' id='word_1_168' title='bbox 2195 2386 2308 2428; x_wconf 91' lang='lat' dir='ltr'>nec</span> <span class='ocrx_word' id='word_1_169' title='bbox 2355 2370 2630 2430; x_wconf 86' lang='lat' dir='ltr'>Joannes</span> 
     </span>
     <span class='ocr_line' id='line_1_21' title="bbox 270 2461 2627 2544; baseline 0.001 -20"><span class='ocrx_word' id='word_1_170' title='bbox 270 2465 581 2544; x_wconf 84' lang='lat' dir='ltr'>Baptista,</span> <span class='ocrx_word' id='word_1_171' title='bbox 621 2482 737 2524; x_wconf 89' lang='lat' dir='ltr'>nec</span> <span class='ocrx_word' id='word_1_172' title='bbox 781 2463 1082 2537; x_wconf 82' lang='lat' dir='ltr'>ChristuS,</span> <span class='ocrx_word' id='word_1_173' title='bbox 1125 2481 1236 2523; x_wconf 90' lang='lat' dir='ltr'>nec</span> <span class='ocrx_word' id='word_1_174' title='bbox 1284 2463 1572 2542; x_wconf 88' lang='lat' dir='ltr'>Apostoli</span> <span class='ocrx_word' id='word_1_175' title='bbox 1609 2464 1712 2541; x_wconf 92' lang='lat' dir='ltr'>jus</span> <span class='ocrx_word' id='word_1_176' title='bbox 1755 2461 1912 2523; x_wconf 89' lang='lat' dir='ltr'>illud</span> <span class='ocrx_word' id='word_1_177' title='bbox 1959 2463 2330 2525; x_wconf 89' lang='lat' dir='ltr'>docuerunt.</span> <span class='ocrx_word' id='word_1_178' title='bbox 2385 2490 2414 2521; x_wconf 94' lang='lat'>«</span> <span class='ocrx_word' id='word_1_179' title='bbox 2469 2465 2627 2527; x_wconf 93' lang='lat' dir='ltr'>Illud</span> 
     </span>
     <span class='ocr_line' id='line_1_22' title="bbox 273 2560 2628 2641; baseline 0 -18"><span class='ocrx_word' id='word_1_180' title='bbox 273 2581 418 2623; x_wconf 89' lang='lat' dir='ltr'>vero</span> <span class='ocrx_word' id='word_1_181' title='bbox 459 2561 872 2639; x_wconf 82' lang='lat' dir='ltr'>levissimum,</span> <span class='ocrx_word' id='word_1_182' title='bbox 916 2560 1085 2641; x_wconf 90' lang='lat' dir='ltr'>quod</span> <span class='ocrx_word' id='word_1_183' title='bbox 1127 2579 1255 2621; x_wconf 89' lang='lat' dir='ltr'>non</span> <span class='ocrx_word' id='word_1_184' title='bbox 1302 2560 1579 2621; x_wconf 86' lang='lat' dir='ltr'>Joannes</span> <span class='ocrx_word' id='word_1_185' title='bbox 1625 2560 1932 2641; x_wconf 88' lang='lat' dir='ltr'>Baptista,</span> <span class='ocrx_word' id='word_1_186' title='bbox 1981 2580 2106 2622; x_wconf 90' lang='lat' dir='ltr'>non</span> <span class='ocrx_word' id='word_1_187' title='bbox 2146 2561 2448 2638; x_wconf 80' lang='lat' dir='ltr'>ChristuS,</span> <span class='ocrx_word' id='word_1_188' title='bbox 2503 2583 2628 2624; x_wconf 91' lang='lat' dir='ltr'>non</span> 
     </span>
     <span class='ocr_line' id='line_1_23' title="bbox 270 2657 2630 2742; baseline 0 -22"><span class='ocrx_word' id='word_1_189' title='bbox 270 2661 561 2742; x_wconf 87' lang='lat' dir='ltr'>Apostoli</span> <span class='ocrx_word' id='word_1_190' title='bbox 606 2661 672 2719; x_wconf 93' lang='lat' dir='ltr'>in</span> <span class='ocrx_word' id='word_1_191' title='bbox 721 2678 931 2738; x_wconf 88' lang='lat' dir='ltr'>regem</span> <span class='ocrx_word' id='word_1_192' title='bbox 988 2657 1253 2737; x_wconf 90' lang='lat' dir='ltr'>impium</span> <span class='ocrx_word' id='word_1_193' title='bbox 1308 2678 1590 2736; x_wconf 85' lang='lat' dir='ltr'>surgere,</span> <span class='ocrx_word' id='word_1_194' title='bbox 1646 2665 1759 2719; x_wconf 86' lang='lat' dir='ltr'>aut</span> <span class='ocrx_word' id='word_1_195' title='bbox 1813 2659 1888 2719; x_wconf 90' lang='lat' dir='ltr'>de</span> <span class='ocrx_word' id='word_1_196' title='bbox 1952 2659 2154 2721; x_wconf 89' lang='lat' dir='ltr'>medio</span> <span class='ocrx_word' id='word_1_197' title='bbox 2213 2681 2357 2722; x_wconf 91' lang='lat' dir='ltr'>eum</span> <span class='ocrx_word' id='word_1_198' title='bbox 2408 2661 2630 2722; x_wconf 89' lang='lat' dir='ltr'>tollere</span> 
     </span>
     <span class='ocr_line' id='line_1_24' title="bbox 273 2756 2628 2839; baseline 0.001 -21"><span class='ocrx_word' id='word_1_199' title='bbox 273 2759 643 2820; x_wconf 89' lang='lat' dir='ltr'>docuerunt.</span> <span class='ocrx_word' id='word_1_200' title='bbox 705 2757 894 2829; x_wconf 88' lang='lat' dir='ltr'>Quasi</span> <span class='ocrx_word' id='word_1_201' title='bbox 950 2775 1098 2817; x_wconf 85' lang='lat' dir='ltr'>vero</span> <span class='ocrx_word' id='word_1_202' title='bbox 1152 2756 1369 2816; x_wconf 87' lang='lat' dir='ltr'>eadem</span> <span class='ocrx_word' id='word_1_203' title='bbox 1421 2757 1822 2817; x_wconf 68' lang='lat' dir='ltr'>instituendae</span> <span class='ocrx_word' id='word_1_204' title='bbox 1871 2757 2146 2817; x_wconf 81' lang='lat' dir='ltr'>ecclesiae</span> <span class='ocrx_word' id='word_1_205' title='bbox 2201 2759 2384 2828; x_wconf 85' lang='lat' dir='ltr'>ratio,</span> <span class='ocrx_word' id='word_1_206' title='bbox 2440 2766 2628 2839; x_wconf 91' lang='lat' dir='ltr'>atque</span> 
     </span>
     <span class='ocr_line' id='line_1_25' title="bbox 272 2852 2624 2934; baseline -0 -16"><span class='ocrx_word' id='word_1_207' title='bbox 272 2857 574 2918; x_wconf 76' lang='lat' dir='ltr'>institutae</span> <span class='ocrx_word' id='word_1_208' title='bbox 598 2873 731 2916; x_wconf 90' lang='lat' dir='ltr'>esse</span> <span class='ocrx_word' id='word_1_209' title='bbox 757 2854 1071 2915; x_wconf 88' lang='lat' dir='ltr'>credenda</span> <span class='ocrx_word' id='word_1_210' title='bbox 1096 2855 1196 2917; x_wconf 90' lang='lat' dir='ltr'>sit.</span> <span class='ocrx_word' id='word_1_211' title='bbox 1221 2855 1307 2914; x_wconf 87' lang='lat' dir='ltr'>Ac</span> <span class='ocrx_word' id='word_1_212' title='bbox 1335 2873 1461 2914; x_wconf 90' lang='lat' dir='ltr'>non</span> <span class='ocrx_word' id='word_1_213' title='bbox 1490 2854 1663 2934; x_wconf 91' lang='lat' dir='ltr'>prius</span> <span class='ocrx_word' id='word_1_214' title='bbox 1685 2852 1960 2933; x_wconf 89' lang='lat' dir='ltr'>plantari</span> <span class='ocrx_word' id='word_1_215' title='bbox 1991 2860 2053 2914; x_wconf 89' lang='lat' dir='ltr'>et</span> <span class='ocrx_word' id='word_1_216' title='bbox 2073 2855 2323 2932; x_wconf 87' lang='lat' dir='ltr'>irrigari</span> <span class='ocrx_word' id='word_1_217' title='bbox 2348 2856 2624 2931; x_wconf 87' lang='lat' dir='ltr'>vineam,</span> 
     </span>
     <span class='ocr_line' id='line_1_26' title="bbox 273 2951 2627 3034; baseline 0.001 -20"><span class='ocrx_word' id='word_1_218' title='bbox 273 2973 465 3034; x_wconf 86' lang='lat' dir='ltr'>quam</span> <span class='ocrx_word' id='word_1_219' title='bbox 495 2951 689 3014; x_wconf 90' lang='lat' dir='ltr'>incidi</span> <span class='ocrx_word' id='word_1_220' title='bbox 716 2958 1027 3032; x_wconf 83' lang='lat' dir='ltr'>oporteat.</span> <span class='ocrx_word' id='word_1_221' title='bbox 1063 2951 1237 3012; x_wconf 89' lang='lat' dir='ltr'>Adde</span> <span class='ocrx_word' id='word_1_222' title='bbox 1266 2951 1435 3031; x_wconf 91' lang='lat' dir='ltr'>quod</span> <span class='ocrx_word' id='word_1_223' title='bbox 1466 2971 1580 3032; x_wconf 85' lang='lat' dir='ltr'>nec</span> <span class='ocrx_word' id='word_1_224' title='bbox 1613 2951 1672 3010; x_wconf 93' lang='lat' dir='ltr'>id</span> <span class='ocrx_word' id='word_1_225' title='bbox 1701 2951 1898 3024; x_wconf 79' lang='lat' dir='ltr'>licuit,</span> <span class='ocrx_word' id='word_1_226' title='bbox 1933 2970 2072 3011; x_wconf 87' lang='lat' dir='ltr'>curn</span> <span class='ocrx_word' id='word_1_227' title='bbox 2104 2958 2380 3030; x_wconf 85' lang='lat' dir='ltr'>potestas</span> <span class='ocrx_word' id='word_1_228' title='bbox 2406 2955 2627 3034; x_wconf 87' lang='lat' dir='ltr'>impio-</span> 
     </span>
     <span class='ocr_line' id='line_1_27' title="bbox 273 3048 2630 3132; baseline 0 -20"><span class='ocrx_word' id='word_1_229' title='bbox 273 3071 410 3113; x_wconf 90' lang='lat' dir='ltr'>rum</span> <span class='ocrx_word' id='word_1_230' title='bbox 444 3051 734 3132; x_wconf 88' lang='lat' dir='ltr'>superior</span> <span class='ocrx_word' id='word_1_231' title='bbox 760 3055 941 3112; x_wconf 88' lang='lat' dir='ltr'>esset.</span> <span class='ocrx_word' id='word_1_232' title='bbox 978 3049 1098 3112; x_wconf 91' lang='lat' dir='ltr'>Sed</span> <span class='ocrx_word' id='word_1_233' title='bbox 1128 3069 1330 3130; x_wconf 90' lang='lat' dir='ltr'>neque</span> <span class='ocrx_word' id='word_1_234' title='bbox 1361 3048 1454 3109; x_wconf 91' lang='lat' dir='ltr'>illi</span> <span class='ocrx_word' id='word_1_235' title='bbox 1494 3048 1810 3111; x_wconf 85' lang='lat' dir='ltr'>Christum</span> <span class='ocrx_word' id='word_1_236' title='bbox 1846 3049 2111 3128; x_wconf 82' lang='lat' dir='ltr'>professi</span> <span class='ocrx_word' id='word_1_237' title='bbox 2141 3056 2342 3123; x_wconf 89' lang='lat' dir='ltr'>erant,</span> <span class='ocrx_word' id='word_1_238' title='bbox 2384 3057 2453 3111; x_wconf 90' lang='lat' dir='ltr'>ut</span> <span class='ocrx_word' id='word_1_239' title='bbox 2490 3054 2630 3132; x_wconf 85' lang='lat' dir='ltr'>cogi</span> 
     </span>
     <span class='ocr_line' id='line_1_28' title="bbox 271 3133 2626 3228; baseline 0 -17"><span class='ocrx_word' id='word_1_240' title='bbox 271 3152 335 3211; x_wconf 92' lang='lat' dir='ltr'>in</span> <span class='ocrx_word' id='word_1_241' title='bbox 370 3149 569 3211; x_wconf 83' lang='lat' dir='ltr'>verba</span> <span class='ocrx_word' id='word_1_242' title='bbox 597 3148 731 3228; x_wconf 87' lang='lat' dir='ltr'>ejus</span> <span class='ocrx_word' id='word_1_243' title='bbox 775 3148 993 3210; x_wconf 88' lang='lat' dir='ltr'>mortis</span> <span class='ocrx_word' id='word_1_244' title='bbox 1023 3147 1333 3227; x_wconf 89' lang='lat' dir='ltr'>supplicio</span> <span class='ocrx_word' id='word_1_245' title='bbox 1366 3133 1804 3228; x_wconf 47' lang='lat' dir='ltr'>possentsssed</span> <span class='ocrx_word' id='word_1_246' title='bbox 1843 3153 1976 3208; x_wconf 90' lang='lat' dir='ltr'>tum</span> <span class='ocrx_word' id='word_1_247' title='bbox 2013 3147 2264 3208; x_wconf 90' lang='lat' dir='ltr'>demum</span> <span class='ocrx_word' id='word_1_248' title='bbox 2299 3149 2536 3210; x_wconf 88' lang='lat' dir='ltr'>scilicet</span> <span class='ocrx_word' id='word_1_249' title='bbox 2565 3150 2626 3212; x_wconf 91' lang='lat' dir='ltr'>id</span> 
     </span>
     <span class='ocr_line' id='line_1_29' title="bbox 271 3247 2625 3326; baseline 0 -16"><span class='ocrx_word' id='word_1_250' title='bbox 271 3250 491 3310; x_wconf 87' lang='lat' dir='ltr'>datum</span> <span class='ocrx_word' id='word_1_251' title='bbox 519 3253 632 3321; x_wconf 90' lang='lat' dir='ltr'>est,</span> <span class='ocrx_word' id='word_1_252' title='bbox 667 3267 809 3307; x_wconf 88' lang='lat' dir='ltr'>cum</span> <span class='ocrx_word' id='word_1_253' title='bbox 842 3248 906 3307; x_wconf 91' lang='lat' dir='ltr'>id</span> <span class='ocrx_word' id='word_1_254' title='bbox 938 3247 1267 3326; x_wconf 80' lang='lat' dir='ltr'>prophetae</span> <span class='ocrx_word' id='word_1_255' title='bbox 1292 3247 1623 3326; x_wconf 87' lang='lat' dir='ltr'>impletum</span> <span class='ocrx_word' id='word_1_256' title='bbox 1655 3251 1748 3307; x_wconf 86' lang='lat' dir='ltr'>est</span> <span class='ocrx_word' id='word_1_257' title='bbox 1779 3264 1793 3308; x_wconf 89' lang='lat'>:</span> <span class='ocrx_word' id='word_1_258' title='bbox 1823 3247 2024 3308; x_wconf 82' lang='lat' dir='ltr'>Erunt</span> <span class='ocrx_word' id='word_1_259' title='bbox 2053 3265 2232 3326; x_wconf 88' lang='lat' dir='ltr'>reges</span> <span class='ocrx_word' id='word_1_260' title='bbox 2260 3248 2479 3309; x_wconf 87' lang='lat' dir='ltr'>nutriti</span> <span class='ocrx_word' id='word_1_261' title='bbox 2513 3249 2625 3314; x_wconf 80' lang='lat' dir='ltr'>tui,</span> 
     </span>
     <span class='ocr_line' id='line_1_30' title="bbox 268 3334 2624 3423; baseline -0.001 -15"><span class='ocrx_word' id='word_1_262' title='bbox 268 3353 331 3408; x_wconf 87' lang='lat' dir='ltr'>et</span> <span class='ocrx_word' id='word_1_263' title='bbox 356 3346 536 3408; x_wconf 88' lang='lat' dir='ltr'>vultu</span> <span class='ocrx_word' id='word_1_264' title='bbox 567 3347 633 3405; x_wconf 92' lang='lat' dir='ltr'>in</span> <span class='ocrx_word' id='word_1_265' title='bbox 663 3334 831 3406; x_wconf 80' lang='lat' dir='ltr'>terra</span> <span class='ocrx_word' id='word_1_266' title='bbox 859 3344 1129 3406; x_wconf 88' lang='lat' dir='ltr'>demisso</span> <span class='ocrx_word' id='word_1_267' title='bbox 1160 3344 1517 3405; x_wconf 88' lang='lat' dir='ltr'>adorabunt</span> <span class='ocrx_word' id='word_1_268' title='bbox 1552 3353 1632 3423; x_wconf 83' lang='lat' dir='ltr'>te,</span> <span class='ocrx_word' id='word_1_269' title='bbox 1664 3351 1726 3404; x_wconf 88' lang='lat' dir='ltr'>et</span> <span class='ocrx_word' id='word_1_270' title='bbox 1755 3345 2084 3423; x_wconf 89' lang='lat' dir='ltr'>pulverem</span> <span class='ocrx_word' id='word_1_271' title='bbox 2115 3345 2340 3423; x_wconf 90' lang='lat' dir='ltr'>pedum</span> <span class='ocrx_word' id='word_1_272' title='bbox 2374 3353 2624 3406; x_wconf 88' lang='lat' dir='ltr'>tuorum</span> 
     </span>
     <span class='ocr_line' id='line_1_31' title="bbox 272 3441 2628 3524; baseline -0 -19"><span class='ocrx_word' id='word_1_273' title='bbox 272 3445 547 3524; x_wconf 84' lang='lat' dir='ltr'>lingent.</span> <span class='ocrx_word' id='word_1_274' title='bbox 588 3444 659 3503; x_wconf 89' lang='lat' dir='ltr'>In</span> <span class='ocrx_word' id='word_1_275' title='bbox 690 3463 832 3523; x_wconf 80' lang='lat' dir='ltr'>quae</span> <span class='ocrx_word' id='word_1_276' title='bbox 866 3449 1158 3521; x_wconf 83' lang='lat' dir='ltr'>tempora</span> <span class='ocrx_word' id='word_1_277' title='bbox 1188 3449 1257 3502; x_wconf 87' lang='lat' dir='ltr'>ut</span> <span class='ocrx_word' id='word_1_278' title='bbox 1286 3448 1543 3502; x_wconf 81' lang='lat' dir='ltr'>ventum</span> <span class='ocrx_word' id='word_1_279' title='bbox 1579 3449 1692 3518; x_wconf 83' lang='lat' dir='ltr'>est,</span> <span class='ocrx_word' id='word_1_280' title='bbox 1728 3441 1815 3502; x_wconf 85' lang='lat' dir='ltr'>sic</span> <span class='ocrx_word' id='word_1_281' title='bbox 1844 3441 1936 3503; x_wconf 87' lang='lat' dir='ltr'>uti</span> <span class='ocrx_word' id='word_1_282' title='bbox 1956 3441 2098 3521; x_wconf 89' lang='lat' dir='ltr'>jure</span> <span class='ocrx_word' id='word_1_283' title='bbox 2130 3461 2243 3503; x_wconf 89' lang='lat' dir='ltr'>suo</span> <span class='ocrx_word' id='word_1_284' title='bbox 2275 3443 2628 3522; x_wconf 89' lang='lat' dir='ltr'>respublica</span> 
     </span>
     <span class='ocr_line' id='line_1_32' title="bbox 271 3539 1748 3620; baseline -0.005 -17"><span class='ocrx_word' id='word_1_285' title='bbox 271 3541 628 3603; x_wconf 88' lang='lat' dir='ltr'>Christiana</span> <span class='ocrx_word' id='word_1_286' title='bbox 655 3541 936 3620; x_wconf 86' lang='lat' dir='ltr'>profecto</span> <span class='ocrx_word' id='word_1_287' title='bbox 967 3547 1172 3620; x_wconf 87' lang='lat' dir='ltr'>potest</span> <span class='ocrx_word' id='word_1_288' title='bbox 1200 3547 1261 3600; x_wconf 86' lang='lat' dir='ltr'>et</span> <span class='ocrx_word' id='word_1_289' title='bbox 1292 3558 1440 3600; x_wconf 87' lang='lat' dir='ltr'>vero</span> <span class='ocrx_word' id='word_1_290' title='bbox 1471 3539 1678 3600; x_wconf 85' lang='lat' dir='ltr'>debet.</span> <span class='ocrx_word' id='word_1_291' title='bbox 1720 3563 1748 3595; x_wconf 92' lang='lat'>»</span> 
     </span>
    </p>

    <p class='ocr_par' dir='ltr' id='par_1_6' title="bbox 261 3628 2635 4501">
     <span class='ocr_line' id='line_1_33' title="bbox 347 3628 2626 3721; baseline 0 -21"><span class='ocrx_word' id='word_1_292' title='bbox 347 3640 633 3720; x_wconf 89' lang='lat' dir='ltr'>Denique</span> <span class='ocrx_word' id='word_1_293' title='bbox 681 3639 1000 3721; x_wconf 83' lang='lat' dir='ltr'>Bucherus</span> <span class='ocrx_word' id='word_1_294' title='bbox 1047 3639 1128 3698; x_wconf 91' lang='lat' dir='ltr'>ad</span> <span class='ocrx_word' id='word_1_295' title='bbox 1173 3628 1511 3698; x_wconf 82' lang='lat' dir='ltr'>Henricum</span> <span class='ocrx_word' id='word_1_296' title='bbox 1558 3637 1813 3698; x_wconf 87' lang='lat' dir='ltr'>tertium</span> <span class='ocrx_word' id='word_1_297' title='bbox 1855 3636 2153 3698; x_wconf 86' lang='lat' dir='ltr'>admovet</span> <span class='ocrx_word' id='word_1_298' title='bbox 2195 3638 2501 3718; x_wconf 88' lang='lat' dir='ltr'>quidquid</span> <span class='ocrx_word' id='word_1_299' title='bbox 2552 3639 2626 3700; x_wconf 89' lang='lat' dir='ltr'>de</span> 
     </span>
     <span class='ocr_line' id='line_1_34' title="bbox 271 3736 2628 3820; baseline -0.001 -20"><span class='ocrx_word' id='word_1_300' title='bbox 271 3738 693 3820; x_wconf 81' lang='lat' dir='ltr'>tyrannicidio</span> <span class='ocrx_word' id='word_1_301' title='bbox 726 3737 1073 3798; x_wconf 87' lang='lat' dir='ltr'>rationibus</span> <span class='ocrx_word' id='word_1_302' title='bbox 1103 3737 1585 3816; x_wconf 88' lang='lat' dir='ltr'>comprobatum</span> <span class='ocrx_word' id='word_1_303' title='bbox 1628 3736 1978 3797; x_wconf 89' lang='lat' dir='ltr'>deduxerit.</span> <span class='ocrx_word' id='word_1_304' title='bbox 2013 3738 2458 3799; x_wconf 87' lang='lat' dir='ltr'>Demonstrato</span> <span class='ocrx_word' id='word_1_305' title='bbox 2497 3739 2628 3818; x_wconf 89' lang='lat' dir='ltr'>pri·</span> 
     </span>
     <span class='ocr_line' id='line_1_35' title="bbox 272 3833 2628 3916; baseline -0.001 -18"><span class='ocrx_word' id='word_1_306' title='bbox 272 3857 445 3898; x_wconf 91' lang='lat' dir='ltr'>mum</span> <span class='ocrx_word' id='word_1_307' title='bbox 478 3837 707 3916; x_wconf 89' lang='lat' dir='ltr'>quibus</span> <span class='ocrx_word' id='word_1_308' title='bbox 738 3835 901 3897; x_wconf 86' lang='lat' dir='ltr'>notis</span> <span class='ocrx_word' id='word_1_309' title='bbox 931 3841 1235 3913; x_wconf 87' lang='lat' dir='ltr'>tyrannus</span> <span class='ocrx_word' id='word_1_310' title='bbox 1260 3853 1297 3895; x_wconf 92' lang='lat' dir='ltr'>a</span> <span class='ocrx_word' id='word_1_311' title='bbox 1328 3854 1472 3914; x_wconf 90' lang='lat' dir='ltr'>rege</span> <span class='ocrx_word' id='word_1_312' title='bbox 1500 3833 1786 3914; x_wconf 88' lang='lat' dir='ltr'>dignosci</span> <span class='ocrx_word' id='word_1_313' title='bbox 1823 3834 2039 3913; x_wconf 84' lang='lat' dir='ltr'>possit,</span> <span class='ocrx_word' id='word_1_314' title='bbox 2075 3835 2142 3894; x_wconf 92' lang='lat' dir='ltr'>in</span> <span class='ocrx_word' id='word_1_315' title='bbox 2180 3835 2450 3896; x_wconf 88' lang='lat' dir='ltr'>Henrico</span> <span class='ocrx_word' id='word_1_316' title='bbox 2485 3855 2628 3914; x_wconf 85' lang='lat' dir='ltr'>pro-</span> 
     </span>
     <span class='ocr_line' id='line_1_36' title="bbox 270 3929 2623 4012; baseline -0.002 -18"><span class='ocrx_word' id='word_1_317' title='bbox 270 3934 521 3995; x_wconf 87' lang='lat' dir='ltr'>nuntiat</span> <span class='ocrx_word' id='word_1_318' title='bbox 560 3933 762 3993; x_wconf 88' lang='lat' dir='ltr'>inesse</span> <span class='ocrx_word' id='word_1_319' title='bbox 804 3932 1020 3993; x_wconf 87' lang='lat' dir='ltr'>omnia</span> <span class='ocrx_word' id='word_1_320' title='bbox 1059 3931 1285 4012; x_wconf 89' lang='lat' dir='ltr'>quibus</span> <span class='ocrx_word' id='word_1_321' title='bbox 1325 3937 1524 3992; x_wconf 86' lang='lat' dir='ltr'>exstet</span> <span class='ocrx_word' id='word_1_322' title='bbox 1559 3938 1886 4008; x_wconf 79' lang='lat' dir='ltr'>tyrannuS.</span> <span class='ocrx_word' id='word_1_323' title='bbox 1923 3929 2164 4010; x_wconf 89' lang='lat' dir='ltr'>Quippe</span> <span class='ocrx_word' id='word_1_324' title='bbox 2204 3930 2314 4008; x_wconf 89' lang='lat' dir='ltr'>qui</span> <span class='ocrx_word' id='word_1_325' title='bbox 2347 3931 2623 4008; x_wconf 89' lang='lat' dir='ltr'>primum</span> 
     </span>
     <span class='ocr_line' id='line_1_37' title="bbox 269 4026 2627 4109; baseline -0.003 -17"><span class='ocrx_word' id='word_1_326' title='bbox 269 4050 399 4092; x_wconf 90' lang='lat' dir='ltr'>non</span> <span class='ocrx_word' id='word_1_327' title='bbox 424 4031 709 4109; x_wconf 85' lang='lat' dir='ltr'>legitime</span> <span class='ocrx_word' id='word_1_328' title='bbox 740 4030 805 4090; x_wconf 89' lang='lat' dir='ltr'>in</span> <span class='ocrx_word' id='word_1_329' title='bbox 828 4048 1093 4108; x_wconf 88' lang='lat' dir='ltr'>regnum</span> <span class='ocrx_word' id='word_1_330' title='bbox 1116 4031 1431 4106; x_wconf 87' lang='lat' dir='ltr'>ingressus</span> <span class='ocrx_word' id='word_1_331' title='bbox 1453 4032 1545 4087; x_wconf 88' lang='lat' dir='ltr'>est</span> <span class='ocrx_word' id='word_1_332' title='bbox 1573 4045 1584 4087; x_wconf 91' lang='lat'>:</span> <span class='ocrx_word' id='word_1_333' title='bbox 1615 4051 1643 4081; x_wconf 94' lang='lat'>«</span> <span class='ocrx_word' id='word_1_334' title='bbox 1674 4026 1977 4088; x_wconf 89' lang='lat' dir='ltr'>Henricus</span> <span class='ocrx_word' id='word_1_335' title='bbox 2004 4034 2071 4086; x_wconf 87' lang='lat' dir='ltr'>ut</span> <span class='ocrx_word' id='word_1_336' title='bbox 2095 4026 2373 4104; x_wconf 82' lang='lat' dir='ltr'>legitime</span> <span class='ocrx_word' id='word_1_337' title='bbox 2400 4027 2627 4108; x_wconf 80' lang='lat' dir='ltr'>Carolo</span> 
     </span>
     <span class='ocr_line' id='line_1_38' title="bbox 268 4121 2631 4207; baseline -0.003 -16"><span class='ocrx_word' id='word_1_338' title='bbox 268 4148 441 4191; x_wconf 89' lang='lat' dir='ltr'>nono</span> <span class='ocrx_word' id='word_1_339' title='bbox 478 4128 682 4207; x_wconf 83' lang='lat' dir='ltr'>fratri,</span> <span class='ocrx_word' id='word_1_340' title='bbox 717 4128 992 4188; x_wconf 89' lang='lat' dir='ltr'>naturali</span> <span class='ocrx_word' id='word_1_341' title='bbox 1023 4134 1248 4204; x_wconf 84' lang='lat' dir='ltr'>morte,</span> <span class='ocrx_word' id='word_1_342' title='bbox 1284 4126 1415 4186; x_wconf 90' lang='lat' dir='ltr'>sine</span> <span class='ocrx_word' id='word_1_343' title='bbox 1448 4123 1732 4184; x_wconf 88' lang='lat' dir='ltr'>mascula</span> <span class='ocrx_word' id='word_1_344' title='bbox 1769 4121 1948 4204; x_wconf 89' lang='lat' dir='ltr'>prole</span> <span class='ocrx_word' id='word_1_345' title='bbox 1981 4124 2379 4186; x_wconf 88' lang='lat' dir='ltr'>occumbenti</span> <span class='ocrx_word' id='word_1_346' title='bbox 2414 4143 2631 4185; x_wconf 88' lang='lat' dir='ltr'>succe-</span> 
     </span>
     <span class='ocr_line' id='line_1_39' title="bbox 261 4221 2632 4314; baseline -0.002 -27"><span class='ocrx_word' id='word_1_347' title='bbox 261 4227 413 4288; x_wconf 88' lang='lat' dir='ltr'>dere</span> <span class='ocrx_word' id='word_1_348' title='bbox 436 4227 744 4307; x_wconf 83' lang='lat' dir='ltr'>potuerit,</span> <span class='ocrx_word' id='word_1_349' title='bbox 766 4226 937 4306; x_wconf 92' lang='lat' dir='ltr'>quod</span> <span class='ocrx_word' id='word_1_350' title='bbox 958 4243 1030 4285; x_wconf 94' lang='lat' dir='ltr'>eo</span> <span class='ocrx_word' id='word_1_351' title='bbox 1051 4231 1265 4285; x_wconf 89' lang='lat' dir='ltr'>tamen</span> <span class='ocrx_word' id='word_1_352' title='bbox 1287 4241 1527 4284; x_wconf 85' lang='lat' dir='ltr'>veneno</span> <span class='ocrx_word' id='word_1_353' title='bbox 1552 4241 1663 4302; x_wconf 92' lang='lat' dir='ltr'>per</span> <span class='ocrx_word' id='word_1_354' title='bbox 1681 4221 1882 4314; x_wconf 84' lang='lat' dir='ltr'>scelus</span> <span class='ocrx_word' id='word_1_355' title='bbox 1903 4222 2212 4282; x_wconf 86' lang='lat' dir='ltr'>exstincto</span> <span class='ocrx_word' id='word_1_356' title='bbox 2242 4221 2393 4304; x_wconf 87' lang='lat' dir='ltr'>(quo</span> <span class='ocrx_word' id='word_1_357' title='bbox 2420 4223 2632 4282; x_wconf 88' lang='lat' dir='ltr'>minis-</span> 
     </span>
     <span class='ocr_line' id='line_1_40' title="bbox 266 4319 2634 4405; baseline -0.005 -14"><span class='ocrx_word' id='word_1_358' title='bbox 266 4326 450 4401; x_wconf 81' lang='lat' dir='ltr'>terio,</span> <span class='ocrx_word' id='word_1_359' title='bbox 491 4343 694 4405; x_wconf 88' lang='lat' dir='ltr'>quave</span> <span class='ocrx_word' id='word_1_360' title='bbox 726 4329 859 4384; x_wconf 89' lang='lat' dir='ltr'>arte</span> <span class='ocrx_word' id='word_1_361' title='bbox 889 4321 1044 4382; x_wconf 91' lang='lat' dir='ltr'>nihil</span> <span class='ocrx_word' id='word_1_362' title='bbox 1077 4321 1366 4402; x_wconf 88' lang='lat' dir='ltr'>dicimus)</span> <span class='ocrx_word' id='word_1_363' title='bbox 1400 4321 1462 4380; x_wconf 91' lang='lat' dir='ltr'>in</span> <span class='ocrx_word' id='word_1_364' title='bbox 1495 4339 1760 4398; x_wconf 86' lang='lat' dir='ltr'>regnum</span> <span class='ocrx_word' id='word_1_365' title='bbox 1803 4319 2119 4398; x_wconf 87' lang='lat' dir='ltr'>ingressus</span> <span class='ocrx_word' id='word_1_366' title='bbox 2151 4327 2264 4399; x_wconf 87' lang='lat' dir='ltr'>est,</span> <span class='ocrx_word' id='word_1_367' title='bbox 2300 4321 2440 4401; x_wconf 88' lang='lat' dir='ltr'>quis</span> <span class='ocrx_word' id='word_1_368' title='bbox 2477 4320 2634 4398; x_wconf 89' lang='lat' dir='ltr'>legi—</span> 
     </span>
     <span class='ocr_line' id='line_1_41' title="bbox 266 4417 2635 4501; baseline -0.001 -17"><span class='ocrx_word' id='word_1_369' title='bbox 266 4423 413 4484; x_wconf 81' lang='lat' dir='ltr'>time</span> <span class='ocrx_word' id='word_1_370' title='bbox 452 4441 721 4501; x_wconf 87' lang='lat' dir='ltr'>regnum</span> <span class='ocrx_word' id='word_1_371' title='bbox 752 4421 1077 4493; x_wconf 84' lang='lat' dir='ltr'>invasisse,</span> <span class='ocrx_word' id='word_1_372' title='bbox 1111 4440 1181 4480; x_wconf 84' lang='lat' dir='ltr'>ac</span> <span class='ocrx_word' id='word_1_373' title='bbox 1206 4439 1329 4480; x_wconf 90' lang='lat' dir='ltr'>non</span> <span class='ocrx_word' id='word_1_374' title='bbox 1363 4418 1576 4498; x_wconf 89' lang='lat' dir='ltr'>potius</span> <span class='ocrx_word' id='word_1_375' title='bbox 1600 4417 1923 4499; x_wconf 87' lang='lat' dir='ltr'>tyrannice</span> <span class='ocrx_word' id='word_1_376' title='bbox 1955 4418 2368 4481; x_wconf 73' lang='lat' dir='ltr'>fateatur?....</span> <span class='ocrx_word' id='word_1_377' title='bbox 2397 4421 2635 4497; x_wconf 81' lang='lat' dir='ltr'>Dignus</span> 
     </span>
    </p>
   </div>
   <div class='ocr_carea' id='block_1_5' title="bbox 424 4531 2350 4586">
    <p class='ocr_par' dir='ltr' id='par_1_7' title="bbox 424 4531 2350 4586">
     <span class='ocr_line' id='line_1_42' title="bbox 424 4531 2350 4586; baseline -0.002 0"><span class='ocrx_word' id='word_1_378' title='bbox 424 4531 733 4586; x_wconf 69' lang='lat' dir='ltr'>Domamm.</span> <span class='ocrx_word' id='word_1_379' title='bbox 2319 4532 2350 4582; x_wconf 87' lang='lat'><strong>6</strong></span> 
     </span>
    </p>
   </div>
  </div>
 </body>
</html>
