3131 5145
1304 464 1382 474 -
1424 399 1543 492 403
1585 463 1664 475 -

306 559 533 623 ciando
579 559 973 621 adversarios
1012 566 1404 622 antecessere
1443 579 1519 622 ex
1555 581 1682 642 quo
1716 563 2010 636 manibus
2052 565 2282 626 excidit
2315 572 2656 645 sceptrum.

307 655 571 736 Utrique
602 657 869 736 professi
897 664 1044 718 sunt
1070 677 1136 719 se
1166 657 1442 720 libertati
1472 679 1597 721 non
1633 660 1907 739 gratuito
1939 679 2154 723 amore
2195 663 2518 738 inservire,
2554 663 2660 726 sed

306 761 552 816 tantum
584 773 780 816 novas
811 774 910 816 res
940 757 1239 817 affectare
1272 762 1339 817 ut
1368 757 1660 818 factionis
1689 777 1816 818 suae
1845 759 2193 835 commodis
2235 759 2656 838 indulgerent.

306 852 667 914 Eruendum
704 873 923 931 regum
971 853 1307 933 imperium
1348 855 1597 934 utrique
1640 856 1918 936 aggressi
1956 863 2123 934 sunt,
2154 856 2324 937 quod
2363 858 2656 919 domina-

304 951 540 1011 tionem
572 950 1039 1030 occupandam,
1066 969 1194 1012 non
1214 951 1568 1014 libertatem
1591 953 2043 1015 instituendam
2063 955 2226 1015 votis
2245 955 2658 1018 affectabant.

384 1049 507 1109 Nec
541 1055 785 1108 tantum
824 1049 1160 1110 scribendo
1190 1050 1291 1109 vel
1322 1069 1531 1110 rerum
1569 1051 1845 1112 rationes
1873 1051 2024 1112 scite
2054 1052 2460 1131 explanando
2491 1055 2658 1132 quod
2749 1051 2754 1056 ’

308 1165 485 1208 mens
512 1147 904 1226 parturiebat
934 1166 1410 1228 exprompsere,
1436 1146 1632 1209 sedin
1663 1147 1827 1208 bella
1855 1148 2082 1223 civilia,
2106 1149 2172 1210 in
2198 1151 2663 1212 cruentissimas

307 1245 509 1306 caedes
540 1244 817 1305 nefarius
849 1245 1055 1325 erupit
1084 1246 1281 1324 furor,
1320 1246 1584 1326 parique
1621 1246 1793 1326 apud
1831 1252 2114 1328 posteros
2152 1253 2213 1308 et
2244 1255 2682 1337 protestantes³

308 1350 371 1403 et
400 1341 1141 1424 catholicindamnatione
1181 1343 1531 1405 infamandi
1560 1353 1727 1421 sunt,
1757 1345 1928 1424 quod
1957 1347 2164 1407 neutri
2187 1345 2266 1407 ad
2292 1347 2662 1409 excelsiores

309 1442 473 1522 aequi
504 1447 567 1501 et
584 1441 741 1520 justi
771 1441 939 1524 leges
964 1461 1314 1522 respexere.

392 1539 569 1612 Quod
611 1540 663 1600 si
701 1540 779 1601 ad
818 1559 1054 1618 magna
1098 1542 1242 1601 vitae
1282 1541 1543 1604 moralis
1581 1541 1890 1622 principia
1930 1542 2312 1604 erexerimus
2347 1543 2562 1604 oculos
2598 1548 2660 1605 et

312 1638 748 1717 gravissimam
774 1638 935 1716 juris
966 1638 1200 1719 publici
1240 1639 1655 1718 quaestionem
1690 1639 2138 1717 agitaverimus
2172 1660 2298 1720 qua
2337 1646 2470 1701 arte
2506 1651 2656 1721 'pro-

306 1737 655 1816 pugnandi,
689 1737 998 1817 quibusve
1026 1739 1219 1798 armis
1248 1737 1612 1816 accingetur
1637 1737 1910 1818 populus
1934 1737 2232 1807 adversus
2255 1738 2570 1818 principes
2600 1739 2660 1799 vi

308 1854 622 1896 summam
655 1841 1039 1916 potestatem
1070 1835 1334 1915 adeptos
1370 1833 1467 1895 vel
1502 1834 1792 1914 improbe
1830 1842 1892 1896 et
1929 1835 2237 1896 violenter
2274 1843 2656 1911 exercenteS,

308 1953 534 2013 parum
562 1934 707 1995 novi
733 1933 989 1994 luminis
1016 1953 1053 1994 a
1077 1933 1327 1995 decimo
1358 1940 1534 1994 sexto
1560 1932 1770 1996 seculo
1795 1933 2143 2012 affulgebit.
2179 1936 2466 2014 Namque
2494 1934 2662 1995 inter

312 2019 663 2092 doctrinam
696 2032 793 2104 vel
824 2031 1369 2108 religiosissimam
1402 2037 1465 2092 et
1503 2049 1686 2092 usum
1726 2031 2301 2111 experientiamque
2343 2051 2538 2111 usque
2565 2032 2655 2091 in-

310 2128 585 2190 truditur
614 2130 703 2190 vis
733 2129 971 2190 invicta
1001 2128 1429 2189 humanarum
1459 2127 1816 2201 libidinum,
1851 2147 1993 2208 quae
2033 2147 2192 2189 nova
2230 2148 2480 2208 semper
2513 2137 2660 2190 ante

308 2227 497 2309 pedes
526 2233 896 2306 suggerunt,
929 2227 1159 2307 quibus
1204 2227 1464 2288 offendit
1503 2227 1657 2288 recti
1695 2226 2075 2288 conscientia
2117 2213 2442 2306 haeretque
2483 2245 2658 2286 mens

308 2324 502 2387 dubia
530 2331 592 2386 et
621 2330 846 2386 moesto
880 2344 1114 2403 angore
1145 2324 1437 2386 distenta.

384 2425 482 2484 Ad
524 2425 661 2484 haec
700 2423 1001 2486 solvenda
1044 2423 1443 2494 Secundatus,
1473 2423 1610 2503 ipse
1651 2423 1740 2484 nil
1788 2424 1916 2484 sere
1955 2423 2223 2484 lucidius
2269 2423 2656 2484 valentiusve

308 2523 595 2585 obtendit
624 2541 816 2603 quam
848 2520 1213 2585 Aristoteles
1256 2522 1396 2602 plus
1436 2521 1657 2601 viginti
1694 2520 1920 2584 seculis
1955 2528 2162 2585 antea.
2199 2522 2279 2583 At
2316 2522 2654 2583 verborum

305 2624 443 2704 ipso
484 2628 699 2683 tenore
739 2626 813 2701 et¹
844 2622 1244 2683 clementiori
1284 2620 1504 2682 habitu
1543 2622 1606 2682 in
1642 2621 1763 2683 hac
1799 2620 2146 2701 difficiliet
2193 2621 2369 2701 quasi
2417 2614 2686 2681 lubrica'

306 2721 677 2801 quaestione,
710 2739 907 2801 quam
939 2739 1124 2799 aequo
1160 2727 1221 2781 et
1261 2719 1509 2800 placido
1548 2719 1762 2780 animo
1803 2721 1932 2779 fere
1973 2737 2100 2779 non
2141 2719 2396 2780 tractari
2434 2718 2654 2798 possis,

305 2820 618 2899 significat
648 2825 708 2880 et
737 2825 1005 2880 testatur
1044 2826 1351 2898 quantum
1382 2836 1419 2878 a
1449 2817 1711 2878 rudibus
1737 2824 1798 2878 et
1823 2817 1968 2877 feris
2003 2816 2410 2878 humaniores
2433 2818 2499 2877 in
2527 2816 2660 2877 dies
2715 2845 2721 2851 ·

305 2925 367 2978 et
396 2918 787 2979 liberaliores
813 2916 1126 2978 evaserint
1156 2915 1390 2995 publici
1415 2935 1624 2977 mores
1658 2937 1672 2975 ε
1707 2916 1828 2975 hoc
1851 2916 2060 2975 forsan
2088 2915 2259 2995 apud
2282 2914 2660 2975 recentiores

307 3036 516 3077 rerum
563 3015 965 3095 publicarum
1016 3015 1177 3075 ratio
1222 3034 1260 3075 a
1302 3021 1582 3076 veterum
1615 3014 1914 3075 institutis
1961 3020 2024 3075 et
2069 3012 2345 3074 moribus
2383 3012 2656 3074 maxime

307 3115 641 3194 discrepat.
671 3115 743 3174 Et
769 3113 937 3193 quod
975 3108 1172 3191 magis
1192 3113 1531 3174 notatione
1556 3113 1839 3193 dignum,
1873 3112 2160 3173 instituta
2186 3118 2466 3173 recenter
2496 3112 2659 3172 ratio·

306 3214 370 3273 in
403 3212 604 3274 Gallia
633 3213 1041 3291 regimenque
1067 3210 1373 3292 populare
1400 3212 1481 3271 ad
1514 3211 1946 3273 emendandos
1983 3218 2047 3271 et
2085 3210 2410 3272 leniendos
2447 3228 2656 3271 mores

310 3300 548 3390 optime
573 3309 860 3389 profecit,
899 3315 966 3370 ut
1004 3308 1213 3369 nullus
1248 3310 1328 3369 sit
1366 3308 1552 3370 hodie
1593 3310 1757 3370 inter
1793 3307 2004 3370 Gallos
2041 3307 2194 3387 quin
2232 3306 2384 3368 satis
2422 3305 2656 3367 habeat

306 3406 703 3469 abdicatione
735 3411 977 3466 tantum
1013 3425 1233 3485 poenas
1261 3406 1503 3467 debitas
1532 3405 1696 3466 sumi
1721 3405 1802 3465 ab
1825 3404 2119 3484 improbo
2147 3422 2354 3465 rerum
2389 3403 2647 3464 arbitr0.

306 3504 607 3566 Doctrina
638 3522 786 3565 vero
821 3524 963 3583 quae
998 3504 1233 3565 caedem
1265 3502 1584 3583 publicam
1617 3502 1839 3564 suadet
1865 3522 1904 3563 a
1928 3502 2150 3582 quovis
2180 3520 2325 3562 vere
2347 3500 2654 3562 libertatis

308 3604 555 3666 fautore
581 3603 897 3681 respuitur
920 3610 983 3664 et
1012 3621 1205 3683 quam
1226 3602 1614 3663 severissime
1635 3602 2110 3663 condemnatur.
2140 3600 2459 3661 Abolitum
2485 3618 2652 3660 anno

311 3704 465 3763 1848
492 3700 762 3780 capitale
792 3700 1169 3782 supplicium
1212 3701 1287 3777 de
1319 3700 1578 3780 politica
1615 3719 1806 3763 causa
1848 3719 2034 3762 nemo
2073 3707 2166 3761 est
2205 3699 2310 3779 qui
2347 3698 2659 3779 posterius

308 3798 768 3861 restituendum
802 3798 1272 3861 existimaverit.
1899 3793 1904 3798 ”

1392 4059 1563 4105 FlNlS
