3131 5145
1347 484 1671 547 -37—

895 616 1167 672 Couvrait
1196 616 1267 671 de
1299 620 1428 671 tant
1450 616 1524 673 de
1553 616 1747 687 voileS,

895 698 1074 753 Court
1105 696 1176 751 de
1205 698 1350 751 teste
1379 701 1437 751 et
1466 696 1536 752 de
1567 712 1728 766 nom,

895 775 1154 831 Pendille
1185 780 1220 831 a
1247 776 1639 833 Hom-faucon
1669 794 1682 832 :

891 854 1051 910 Ainsi
1081 872 1225 911 vous
1255 856 1452 928 plaist.
1487 856 1723 912 Estoiles
1756 855 1804 912 ¹!

397 1041 584 1103 Ultro
621 1040 812 1102 etiam
845 1040 1148 1121 processit
1173 1040 1483 1103 Ronsardi
1510 1041 1750 1101 amicus
1779 1046 1842 1101 et
1866 1040 2229 1121 discipulae,
2261 1042 2458 1101 Janus
2485 1042 2679 1104 Anto-

318 1141 460 1199 nius
498 1138 756 1216 Baifius,
799 1144 862 1199 et
913 1138 1164 1217 longius
1205 1138 1513 1199 saevitiam
1567 1138 2135 1218 impotentiamque
2183 1138 2471 1217 magistri
2524 1158 2679 1219 prae-

318 1243 670 1315 tergressus
689 1244 804 1311 est,
851 1237 960 1317 qui
983 1237 1049 1300 in
1075 1236 1414 1298 deterrimo
1437 1236 1717 1298 carmine
1741 1236 1817 1297 de
1842 1236 2149 1315 Gaspardi
2173 1236 2395 1299 Colinii
2418 1256 2681 1317 corpore

316 1336 378 1395 in
411 1334 784 1415 pavimento
808 1334 1082 1415 jacentis
1110 1334 1247 1395 haec
1278 1335 1518 1396 atrocia
1549 1334 1741 1395 verba
1770 1334 2048 1395 emiserit
2076 1334 2097 1369 ²
2130 1356 2142 1393 :

681 1517 920 1588 Gaspar,
947 1521 1008 1571 tu
1039 1516 1171 1571 dors
1199 1515 1289 1585 ici,
1323 1515 1420 1588 qui
1453 1514 1668 1571 soulois
1697 1531 1769 1570 en
1792 1518 1855 1571 ta
1885 1516 1973 1570 vie

680 1597 887 1651 Veiller
910 1613 1059 1668 pour
1088 1596 1381 1651 endormir
1409 1596 1482 1650 de
1511 1598 1599 1649 tes
1629 1611 1792 1651 ruses
1820 1612 1959 1651 mon
1988 1598 2141 1665 Roy;

678 1675 814 1731 Mais
845 1676 944 1744 lui,
978 1693 1092 1733 non
1123 1674 1410 1744 endormi,
1438 1674 1514 1730 t'a
1543 1674 1662 1745 pris
1691 1692 1763 1729 en
1791 1674 2085 1745 desarroy,

679 1756 999 1812 Prevenant
1031 1761 1128 1811 ton
1161 1754 1390 1811 dessein
1423 1761 1479 1810 et
1513 1760 1569 1809 ta
1599 1752 1857 1809 maudite
1888 1753 2071 1823 envie,

675 1838 796 1892 Tou
827 1838 958 1891 Ame
986 1835 1291 1891 miserable
1323 1852 1399 1890 au
1426 1834 1724 1906 depourvu
1754 1832 1995 1888 ravie....

397 2020 551 2080 Post
589 2018 730 2079 illas
774 2019 1172 2081 incitationes
1213 2018 1470 2079 minime
1510 2018 1863 2095 ambiguas,
1901 2022 2047 2097 post
2075 2017 2291 2079 laudes
2333 2017 2676 2097 impensius

310 2116 636 2178 adhibitas
683 2117 1075 2178 celebrandis
1121 2116 1729 2177 Sanbartholomaeae
1778 2116 1900 2176 diei
1948 2116 2258 2187 caedibus,
2314 2115 2400 2175 nil
2441 2114 2672 2177 mirum

311 2214 489 2295 quod
520 2220 724 2294 poetae
765 2214 1108 2275 calviniani
1146 2233 1260 2274 sua
1299 2213 1430 2275 vice
1479 2214 1805 2307 religiosas
1852 2214 2231 2293 cupiditates
2272 2214 2437 2293 apud
2480 2214 2675 2277 refor-

310 2311 615 2393 mationis
638 2311 917 2372 fautores
946 2311 1364 2373 incitaverint.
1954 2302 1959 2307 ⁸

343 2423 356 2460 ι’
392 2392 570 2469 Unus
603 2408 666 2469 in
697 2408 918 2489 primis
953 2414 1015 2468 et
1054 2407 1418 2469 clarissimis
1448 2408 1567 2469 fuit
1611 2408 1955 2481 BartasiuS,
1989 2408 2396 2470 Hebdomadis
2428 2414 2669 2483 auctor,

313 2508 429 2590 qui
462 2526 740 2587 graecum
773 2506 1168 2588 latinumque
1201 2525 1585 2580 sermonem,
1615 2511 1685 2567 ut
1718 2506 2102 2582 RonsarduS,
2138 2507 2201 2566 in
2233 2505 2524 2584 gallicam
2549 2507 2670 2566 lin-

306 2627 504 2684 guam
527 2606 816 2667 intrudit.
842 2608 890 2666 E
918 2605 1243 2685 scripturis
1271 2605 1616 2666 sententias
1645 2611 1708 2666 et
1731 2607 1954 2667 mentis
1984 2608 2246 2668 affectus
2274 2605 2489 2667 haurit
2511 2625 2669 2687 prae-

306 2706 498 2784 cipue
519 2703 587 2762 in
615 2706 892 2764 carmine
919 2701 1138 2763 Judiclt
1173 2709 1417 2776 vocatu,
1452 2720 1579 2782 quo
1608 2703 2085 2788 Holophernum
2116 2703 2389 2764 occisum
2418 2710 2671 2764 enarrat

303 2808 369 2862 et
403 2800 705 2862 celebrat.
1021 2791 1024 2798 ’
1824 2807 1829 2812 “

387 2898 612 2960 Obiter
647 2897 996 2960 notandum
1044 2904 1141 2960 est
1181 2897 1457 2978 primum
1502 2898 1693 2959 fuisse
1728 2916 1887 2977 opus
1924 2897 2077 2958 illud
2119 2897 2183 2958 in
2225 2915 2350 2977 quo
2392 2896 2605 2958 fabula
2634 2917 2669 2958 e

302 2997 508 3059 sacris
546 2995 826 3058 historiis
872 3001 1014 3056 orta
1056 2996 1287 3074 gallico
1327 3015 1618 3057 sermone
1661 3001 1934 3056 tractata
1972 2995 2073 3056 sit.
2108 2996 2369 3056 Austero
2414 3001 2665 3056 senten-

304 3095 544 3157 tiarum
576 3093 952 3174 excelsoque
979 3094 1199 3154 habitu
1233 3100 1293 3155 et
1313 3095 1502 3174 plane
1524 3093 1865 3174 Scripturis
1890 3093 2085 3173 digno
2104 3094 2425 3155 Bai-tesius
2448 3094 2667 3155 laudes

303 3193 688 3274 promeruit,
731 3191 958 3271 quibus
1005 3199 1294 3253 mortuus
1330 3193 1685 3254 celebratus
1738 3199 1831 3254 est
1879 3192 1940 3253 in
1984 3191 2234 3253 funebri
2277 3190 2484 3271 lapide
2536 3192 2663 3251 ins-

300 3290 528 3370 criptis
580 3308 594 3349 :
649 3286 765 3362 Qui
799 3289 1006 3348 Musas
1050 3298 1289 3369 ereptas
1311 3291 1603 3370 profanae
1639 3289 1909 3350 lasciviae
1954 3290 2145 3350 sacris
2188 3289 2492 3349 montibus
2528 3287 2665 3350 red-

297 3388 464 3449 didit
475 3406 507 3464 ,·
531 3387 727 3446 sacris
757 3385 1030 3465 fontibus
1057 3387 1315 3466 aspersit
1325 3406 1350 3464 ,·
1381 3388 1572 3456 sacris
1594 3387 1872 3448 cantibus
1894 3386 2179 3447 intonuit.

378 3484 611 3546 Judith
667 3503 895 3564 poema
954 3503 1080 3546 uno
1138 3491 1358 3546 tenore
1416 3485 1714 3558 decurrit,
1768 3485 1835 3546 in
1877 3503 1984 3545 sex
2035 3485 2229 3544 libros
2273 3483 2563 3558 divisum,
2602 3491 2666 3546 et

299 3583 548 3666 passim
587 3581 843 3643 heroico
880 3583 1156 3662 quodam
1197 3583 1351 3643 flatu
1395 3583 1763 3663 inspiratur,
1802 3581 1977 3643 nulla
2008 3588 2217 3642 tamen
2255 3589 2366 3642 aut
2405 3600 2537 3642 non
2575 3580 2665 3644 ita

295 3699 544 3762 magna
577 3699 786 3742 rerum
833 3681 1216 3742 excelsitate.
1260 3681 1526 3742 Materia
1570 3683 1815 3742 auctori
1844 3687 2139 3758 suggesta
2174 3686 2309 3740 erat
2346 3699 2385 3740 a
2416 3681 2665 3744 Joanna

295 3777 573 3842 Navarri
617 3777 858 3856 regina,
903 3783 971 3838 ut
1012 3778 1146 3858 ipse
1192 3778 1411 3853 refert;
1463 3798 1593 3859 qua
1645 3786 1897 3839 mortua
1949 3784 2093 3838 ante
2139 3778 2378 3838 editum
2429 3778 2661 3840 librum

293 3875 667 3955 Margaritae
698 3875 950 3937 Gallicae
983 3875 1248 3937 Navarri
1279 3877 1510 3955 reginae
1543 3895 1773 3956 poema
1802 3875 2055 3954 dicavit,
2086 3894 2227 3954 quae
2262 3875 2484 3935 Neraci
2513 3882 2663 3938 tunc

291 3975 361 4038 in
401 3973 560 4036 aula.
592 3972 1130 4035 commorabatur.
1175 3975 1315 4054 Ipse
1358 3975 1679 4035 Bartasius
1715 3974 2092 4036 Auscitanus
2130 3978 2269 4033 erat
2310 3978 2372 4032 et
2409 3959 2693 4036 cuilibet·

292 4074 473 4136 haud
524 4071 853 4151 ignoranti
900 4079 1140 4153 quanta
1195 4079 1546 4147 venustate,
1595 4073 1849 4152 quantis
1898 4069 2205 4132 illecebris
2255 4070 2509 4133 floreret
2555 4072 2663 4135 illa

357 4317 402 4365 1.
437 4304 667 4366 ssdition
701 4317 1104 4379 Blanchemain,
1131 4322 1168 4367 t.
1195 4318 1253 4378 V,
1285 4332 1337 4382 p.
1368 4321 1474 4368 151.

353 4389 403 4436 2.
425 4387 566 4438 Vide
581 4388 886 4438 carminum
907 4389 1104 4438 librum
1123 4389 1206 4438 cui
1231 4389 1547 4440 inscribitur
1562 4389 1904 4451 Posse-temps
1920 4401 1950 4436 a
1966 4385 2134 4437 Baifio
2150 4385 2353 4435 editum
2369 4397 2510 4434 anno
2524 4386 2543 4431 1
2555 4383 2661 4431 ΞΠ.

289 4458 542 4522 ParisiiS,
571 4459 718 4523 apud
744 4459 914 4510 Lucas
945 4461 1158 4523 Brayer.
