3131 5145
1332 452 1656 516 -13.-

297 589 422 651 sibi
452 588 578 651 hoc
606 589 828 648 datum
859 605 990 649 esse
1022 585 1348 665 negotium
1378 586 1789 649 contenderet
1818 594 1889 647 ut
1914 586 2077 648 inter
2101 586 2391 649 homines
2417 607 2666 668 pacem,

299 686 520 763 fidem,
556 703 805 746 morum
836 683 1266 762 integritatem
1307 688 1615 757 tueretur,
1650 689 1843 762 negat
1874 703 2061 765 aequo
2093 684 2306 746 animo
2338 703 2404 747 se
2433 672 2669 749 tolera-

297 790 512 845 turam
541 783 804 863 flagitia,
835 787 944 843 aut
974 781 1082 843 Dei
1113 787 1588 860 contemptores
1617 782 1717 843 vel
1747 800 1926 860 reges
1956 780 2285 861 superbos.
2315 782 2666 845 Humilium

297 881 364 942 in
396 888 691 963 potentes
730 880 990 961 suscipit
1031 878 1454 960 patrocinium
1501 886 1564 940 et
1602 886 1977 941 vexatorum
2018 881 2083 939 in
2114 886 2417 959 tyrannos
2448 882 2661 961 oppri-

299 986 567 1041 mentes,
593 980 832 1057 Itaque,
860 997 972 1057 per
1000 976 1280 1039 medium
1305 996 1538 1054 aevum,
1570 996 1635 1037 se
1660 977 1969 1039 immiscet
1999 977 2398 1039 subditorum
2428 979 2665 1059 princi-

300 1096 582 1158 pumque
614 1075 1148 1147 contentionibuS‚
1176 1077 1342 1135 inter
1370 1093 1477 1135 eos
1504 1074 1785 1135 decernit
1810 1082 1873 1136 et
1896 1074 2226 1154 dijudicat,
2251 1079 2313 1136 et
2343 1095 2659 1139 summum

299 1175 626 1253 quoddam
667 1172 889 1235 arbitri
928 1175 1038 1253 jus
1085 1172 1204 1233 sibi
1246 1172 1530 1233 addicit:
1581 1172 1753 1252 quod
1792 1192 1831 1233 a
1876 1192 2175 1252 suprema
2217 1178 2295 1233 et·
2323 1175 2663 1236 universali

297 1272 736 1334 dominatione
781 1271 950 1332 haud
996 1270 1088 1331 ita
1143 1270 1332 1349 longe
1389 1270 1605 1331 distat.
1655 1267 1935 1331 Ecclesia
1972 1289 2163 1350 supra
2204 1271 2661 1351 rempublicam

295 1389 434 1432 sese
471 1367 746 1441 extollit;
777 1367 886 1429 sed
935 1368 1238 1448 quoniam
1286 1367 1647 1445 dignitateS,
1680 1368 1871 1447 leges,
1910 1386 2170 1429 munera
2200 1374 2263 1429 et
2288 1388 2469 1430 arma
2506 1388 2659 1449 pro-

297 1468 442 1547 pria
484 1487 597 1548 per
640 1486 706 1528 se
748 1467 965 1539 habet,
1000 1484 1236 1527 novam
1280 1466 1625 1545 quamdam
1667 1464 2123 1545 rempublicam
2155 1466 2341 1545 juxta
2382 1466 2659 1546 priorem

293 1566 553 1629 insitam
584 1572 648 1627 et
674 1570 1189 1643 coagmentatam
1243 1563 1592 1636 constituit,
1626 1582 1899 1642 moxque
1939 1563 2018 1623 ad
2060 1582 2199 1624 eam
2236 1565 2302 1623 in
2340 1584 2405 1625 se
2446 1565 2659 1627 absor-

294 1663 570 1724 bendam
614 1662 858 1722 nititur.
897 1663 992 1721 Ita
1045 1661 1392 1721 christiana
1435 1660 1658 1738 religio
1709 1679 1747 1721 a
1792 1660 2083 1721 libertate
2125 1666 2266 1722 orta
2304 1661 2384 1721 ad
2426 1681 2658 1725 novam

293 1760 642 1837 quamdam
670 1758 1074 1839 tyrannidem
1105 1757 1328 1831 tendit,
1349 1758 1850 1819 dominationem
1870 1757 2108 1819 scilicet
2129 1758 2582 1821 theocraticam
2606 1761 2653 1823 ¹.

293 1846 482 1919 Ra'tio
531 1865 594 1918 et
631 1856 963 1937 disciplina
1007 1856 1165 1917 Novi
1204 1856 1587 1916 Testamenti
1640 1855 1943 1917 doctrinis
1983 1856 2222 1917 Veteris
2271 1858 2657 1919 Testamenti

296 1956 558 2028 cedunt,
587 1973 919 2033 moresque
961 1954 1040 2013 ab
1089 1952 1370 2015 Hebraeis
1415 1951 1629 2012 traditi
1668 1952 1745 2012 de
1786 1953 2183 2013 sacerdotum
2226 1952 2655 2038 dominatione

293 2054 360 2113 in
404 2053 608 2113 lucem
650 2053 878 2113 iterum
920 2051 1331 2129 proferuntur
1365 2057 1426 2111 et
1457 2068 1639 2129 paene
1668 2049 1957 2128 gentibus
1986 2050 2420 2130 imponuntur.

379 2149 499 2211 Sed
532 2150 875 2211 reluctatur
901 2148 1100 2209 civilis
1125 2148 1391 2210 societas
1421 2153 1483 2208 et
1513 2147 1813 2207 adversus
1844 2147 2122 2208 ecclesiae
2154 2148 2425 2210 assultus
2466 2149 2651 2211 obni-

292 2248 488 2321 titur,
543 2246 742 2307 donec
800 2251 943 2325 post
1000 2245 1310 2306 diutinam
1369 2244 1841 2306 dimicationem
1889 2245 2245 2306 libertatem
2295 2256 2647 2326 recuperet.

289 2344 424 2405 Illis
454 2344 980 2415 contentionibu3‚
1018 2342 1130 2403 illa
1174 2342 1439 2403 victoria
1489 2341 1658 2421 pleni
1704 2348 1851 2403 sunt
1890 2342 2149 2404 annales
2194 2362 2231 2403 a
2270 2344 2479 2407 medio
2514 2364 2657 2407 aevo

287 2461 493 2523 usque
539 2443 616 2502 ad
667 2441 979 2503 decimum
1027 2446 1274 2501 sextum
1328 2440 1632 2501 seculum.
1682 2441 2029 2521 Propterea
2081 2447 2419 2521 antequam
2481 2443 2647 2504 deci-

289 2559 468 2602 mum
495 2546 740 2616 sextum
773 2539 1078 2617 seculum,
1111 2558 1253 2619 quae
1281 2557 1430 2600 vera
1455 2538 1637 2599 nobis
1665 2545 1757 2600 est
1787 2539 2113 2619 proposita
2144 2540 2429 2613 materia,
2463 2540 2648 2602 attin-

285 2657 538 2718 gamuS,
570 2637 790 2717 paucis
829 2637 1298 2717 explanandum
1337 2637 1432 2698 est
1479 2637 1709 2716 quibus
1753 2637 2054 2700 doctrinis
2098 2638 2175 2699 de
2227 2639 2647 2718 tyrannicidio

284 2736 664 2798 indulserint
697 2735 995 2815 praecipui
1027 2735 1092 2794 in
1127 2735 1332 2795 medio
1364 2754 1499 2796 aevo
1531 2734 1871 2813 theologiae
1902 2735 2214 2797 doctoreS.

371 2836 507 2906 Qua
531 2839 738 2907 aetate,
773 2840 993 2893 exorta
1019 2839 1115 2893 est
1139 2839 1200 2894 et
1227 2832 1442 2894 floruit
1466 2833 1839 2912 pravissima
1868 2832 1977 2893 illa
2004 2852 2213 2894 rerum
2246 2833 2645 2913 politicarum

285 2932 643 3012 disciplina,
689 2951 829 3011 quae
879 2931 1095 2993 odium
1131 2931 1196 2991 in
1236 2930 1484 2992 civilem
1525 2935 1901 3010 potestatem
1943 2949 2139 3011 usque
2181 2931 2262 2990 ad
2300 2931 2642 3011 tyrannici-

285 3030 464 3090 dium
503 3029 721 3090 incitat
762 3036 824 3090 et
861 3036 1040 3090 extra
1079 3030 1339 3089 modum
1385 3028 1596 3089 evehit
1629 3032 1691 3088 et
1733 3027 1975 3088 exaltat
2020 3027 2389 3108 pontificale
2441 3028 2647 3090 domi-

287 3127 487 3187 nium.
578 3150 587 3158 ’

368 3227 618 3284 Primus
667 3225 834 3304 apud
884 3225 1220 3305 scriptores
1274 3225 1409 3304 ejus
1464 3224 1671 3286 aetatis
1730 3222 1867 3302 fuit,
1911 3224 2021 3305 qui
2068 3223 2297 3284 illustri
2354 3223 2648 3304 exemplo

284 3319 570 3384 ecclesiae
599 3321 1098 3383 dominationem
1130 3329 1193 3383 et
1223 3322 1546 3402 popularis
1580 3322 1743 3399 juris
1782 3340 2061 3382 amorem
2100 3321 2446 3382 arctissime
2490 3341 2643 3382 con-

276 3419 589 3496 junxerit,
623 3421 899 3481 ,Ioannes
951 3419 1466 3492 saresberiensis,
1500 3419 1609 3499 qui
1653 3418 1923 3479 florebat
1962 3419 2130 3478 intra
2176 3420 2333 3478 1110
2380 3424 2439 3478 et
2487 3420 2650 3480 1180

284 3534 551 3593 annum,
587 3517 825 3578 amicus
861 3517 1120 3578 Thomae
1165 3517 1625 3597 archiepiscopi
1658 3515 2125 3577 Cantuariensis
2163 3523 2226 3576 et
2263 3516 2645 3576 ferventissi-

285 3633 428 3676 mus
472 3616 608 3694 ejus
653 3615 860 3677 socius
907 3616 972 3676 in
1020 3617 1422 3678 contentione
1472 3615 1894 3676 infensissima
1945 3613 2244 3676 adversus
2291 3613 2641 3691 Anglorum

281 3730 520 3790 regem.
555 3714 626 3772 In
654 3712 862 3773 libello
891 3713 990 3773 cui
1023 3713 1385 3774 inscribitur
1415 3711 1825 3773 Policraticus
1854 3712 1978 3773 sive
2008 3712 2081 3773 de
2109 3711 2288 3792 nuqis
2317 3712 2641 3773 curialium

281 3819 342 3869 et
381 3809 654 3888 vestiqiz‘s
683 3808 1201 3892 philosophorum
1233 3810 1280 3884 ²,
1324 3809 1478 3870 illud
1523 3829 1776 3889 aequum
1819 3829 1949 3870 esse
1990 3815 2201 3869 censet
2238 3815 2299 3868 et
2347 3809 2639 3871 demons-

281 3908 583 3968 trandum
625 3907 885 3987 suscipit
922 3914 993 3967 ut
1029 3909 1313 3988 pontifex
1354 3909 1611 3985 regibus
1650 3907 1963 3986 imperare
2002 3906 2249 3982 debeat,
2280 3907 2431 3968 etin
2463 3907 2639 3987 prin-

278 4003 498 4082 cipum
529 4004 880 4084 potentiam
917 4004 1221 4066 acerrime
1254 4003 1597 4077 invehitur,
1632 4003 1985 4082 praedicans
2014 4021 2209 4062 unum
2241 4021 2373 4062 csse
2404 4021 2637 4082 papam

276 4102 388 4183 qui
429 4100 834 4182 tyrannidem
879 4106 942 4162 et
979 4101 1329 4162 violentum
1369 4101 1707 4181 imperium
1752 4101 2001 4162 frenare
2052 4101 2247 4180 possit
2276 4089 2640 4176 ¹{eumdem

333 4273 382 4320 1.
409 4271 549 4320 Vide
582 4269 884 4320 doctissimi
919 4271 1016 4318 viri
1049 4271 1102 4319 P.
1133 4269 1295 4319 Janet
1324 4283 1459 4331 opus
1491 4270 1593 4319 sub
1620 4269 1719 4319 hoc
1750 4269 1907 4318 titulo
1934 4269 2139 4319 editum
2165 4283 2309 4319 anno
2339 4269 2457 4318 1872
2484 4285 2497 4318 t
2526 4269 2639 4318 His-

269 4342 404 4391 toire
421 4342 490 4390 de
517 4339 575 4390 la
603 4341 800 4389 science
825 4341 1084 4406 potitique
1113 4341 1249 4390 dans
1272 4355 1353 4389 ses
1380 4344 1627 4404 rapports
1656 4355 1779 4388 avec
1808 4339 1860 4388 la
1887 4339 2102 4397 morale,
2132 4344 2166 4390 t.
2191 4340 2232 4402 Ι,
2254 4355 2306 4403 p.
2330 4341 2421 4388 344
2444 4343 2499 4389 et
2527 4341 2641 4391 345.

330 4415 377 4462 2.
407 4411 670 4474 Lugduni
701 4412 1038 4472 Batavorum,
1071 4425 1134 4462 ex
1165 4411 1377 4461 officina
1400 4411 1623 4460 Joannis
1654 4411 1833 4470 Maire,
1864 4412 2003 4462 1639.
