<?xml version="1.0" encoding="UTF-8"?>
<!DOCTYPE html PUBLIC "-//W3C//DTD XHTML 1.0 Transitional//EN"
    "http://www.w3.org/TR/xhtml1/DTD/xhtml1-transitional.dtd">
<html xmlns="http://www.w3.org/1999/xhtml" xml:lang="en" lang="en">
 <head>
  <title>
</title>
<meta http-equiv="Content-Type" content="text/html;charset=utf-8" />
  <meta name='ocr-system' content='tesseract 3.04.00' />
  <meta name='ocr-capabilities' content='ocr_page ocr_carea ocr_par ocr_line ocrx_word'/>
</head>
<body>
  <div class='ocr_page' id='page_1' title='image "./detyrannicidica00douagoog_0115.png"; bbox 0 0 3131 5145; ppageno 0'>
   <div class='ocr_carea' id='block_1_1' title="bbox 1291 491 1611 554">
    <p class='ocr_par' dir='ltr' id='par_1_1' title="bbox 1291 491 1611 554">
     <span class='ocr_line' id='line_1_1' title="bbox 1291 491 1611 554; baseline 0 -16"><span class='ocrx_word' id='word_1_1' title='bbox 1291 491 1611 554; x_wconf 54' lang='lat'><strong>„97-</strong></span> 
     </span>
    </p>
   </div>
   <div class='ocr_carea' id='block_1_2' title="bbox 256 625 2626 4331">
    <p class='ocr_par' dir='ltr' id='par_1_2' title="bbox 256 625 2626 4331">
     <span class='ocr_line' id='line_1_2' title="bbox 264 625 2619 708; baseline 0.003 -23"><span class='ocrx_word' id='word_1_2' title='bbox 264 643 381 686; x_wconf 88' lang='lat' dir='ltr'><strong>nec</strong></span> <span class='ocrx_word' id='word_1_3' title='bbox 401 632 779 688; x_wconf 76' lang='lat' dir='ltr'><strong>cunctanter</strong></span> <span class='ocrx_word' id='word_1_4' title='bbox 798 625 1121 705; x_wconf 87' lang='lat' dir='ltr'><strong>perhibuit</strong></span> <span class='ocrx_word' id='word_1_5' title='bbox 1138 645 1335 707; x_wconf 87' lang='lat' dir='ltr'><strong>penes</strong></span> <span class='ocrx_word' id='word_1_6' title='bbox 1353 625 1704 707; x_wconf 89' lang='lat' dir='ltr'><strong>quemlibet</strong></span> <span class='ocrx_word' id='word_1_7' title='bbox 1724 645 1856 688; x_wconf 88' lang='lat' dir='ltr'><strong>esse</strong></span> <span class='ocrx_word' id='word_1_8' title='bbox 1870 627 1977 708; x_wconf 87' lang='lat' dir='ltr'><strong>jus</strong></span> <span class='ocrx_word' id='word_1_9' title='bbox 1998 627 2328 690; x_wconf 89' lang='lat' dir='ltr'><strong>occidendi</strong></span> <span class='ocrx_word' id='word_1_10' title='bbox 2345 635 2370 689; x_wconf 88' lang='lat' dir='ltr'><strong>t</strong></span> <span class='ocrx_word' id='word_1_11' title='bbox 2415 631 2619 707; x_wconf 90' lang='lat' dir='ltr'><strong>ranni,</strong></span> 
     </span>
     <span class='ocr_line' id='line_1_3' title="bbox 262 648 2618 847; baseline 0.003 -63"><span class='ocrx_word' id='word_1_12' title='bbox 262 721 536 785; x_wconf 88' lang='lat' dir='ltr'><strong>sollicito</strong></span> <span class='ocrx_word' id='word_1_13' title='bbox 594 722 808 785; x_wconf 91' lang='lat' dir='ltr'><strong>animo</strong></span> <span class='ocrx_word' id='word_1_14' title='bbox 864 723 1129 804; x_wconf 83' lang='lat' dir='ltr'><strong>inquirit</strong></span> <span class='ocrx_word' id='word_1_15' title='bbox 1193 743 1278 784; x_wconf 87' lang='lat' dir='ltr'><strong>an</strong></span> <span class='ocrx_word' id='word_1_16' title='bbox 1346 723 1534 786; x_wconf 85' lang='lat' dir='ltr'><strong>liceat</strong></span> <span class='ocrx_word' id='word_1_17' title='bbox 1590 742 1834 785; x_wconf 85' lang='lat' dir='ltr'><strong>veneno</strong></span> <span class='ocrx_word' id='word_1_18' title='bbox 1900 730 2243 804; x_wconf 87' lang='lat' dir='ltr'><strong>tyrannum</strong></span> <span class='ocrx_word' id='word_1_19' title='bbox 2299 648 2618 847; x_wconf 46' lang='lat' dir='ltr'><strong>ostidere.</strong></span> 
     </span>
     <span class='ocr_line' id='line_1_4' title="bbox 265 819 2623 905; baseline 0.005 -29"><span class='ocrx_word' id='word_1_20' title='bbox 265 845 295 876; x_wconf 90' lang='lat'>«</span> <span class='ocrx_word' id='word_1_21' title='bbox 330 819 758 894; x_wconf 75' lang='lat' dir='ltr'><strong>Quaestionem</strong></span> <span class='ocrx_word' id='word_1_22' title='bbox 797 827 1012 884; x_wconf 87' lang='lat' dir='ltr'><strong>tamen</strong></span> <span class='ocrx_word' id='word_1_23' title='bbox 1050 820 1266 896; x_wconf 88' lang='lat' dir='ltr'><strong>habet,</strong></span> <span class='ocrx_word' id='word_1_24' title='bbox 1300 840 1382 882; x_wconf 91' lang='lat' dir='ltr'><strong>an</strong></span> <span class='ocrx_word' id='word_1_25' title='bbox 1421 841 1537 902; x_wconf 87' lang='lat' dir='ltr'><strong>par</strong></span> <span class='ocrx_word' id='word_1_26' title='bbox 1578 820 1846 882; x_wconf 79' lang='lat' dir='ltr'><strong>facultas</strong></span> <span class='ocrx_word' id='word_1_27' title='bbox 1888 820 1970 883; x_wconf 90' lang='lat' dir='ltr'><strong>sit</strong></span> <span class='ocrx_word' id='word_1_28' title='bbox 2006 841 2246 884; x_wconf 86' lang='lat' dir='ltr'><strong>veneno</strong></span> <span class='ocrx_word' id='word_1_29' title='bbox 2286 822 2623 905; x_wconf 81' lang='lat' dir='ltr'><strong>herbisque</strong></span> 
     </span>
     <span class='ocr_line' id='line_1_5' title="bbox 262 917 2621 1000; baseline 0.003 -22"><span class='ocrx_word' id='word_1_30' title='bbox 262 917 609 980; x_wconf 81' lang='lat' dir='ltr'><strong>lethalibus</strong></span> <span class='ocrx_word' id='word_1_31' title='bbox 654 918 901 982; x_wconf 85' lang='lat' dir='ltr'><strong>hostem</strong></span> <span class='ocrx_word' id='word_1_32' title='bbox 964 919 1287 1000; x_wconf 89' lang='lat' dir='ltr'><strong>publicum</strong></span> <span class='ocrx_word' id='word_1_33' title='bbox 1341 925 1814 1000; x_wconf 81' lang='lat' dir='ltr'><strong>tyrannumque</strong></span> <span class='ocrx_word' id='word_1_34' title='bbox 1865 919 2058 1000; x_wconf 88' lang='lat' dir='ltr'><strong>(idem</strong></span> <span class='ocrx_word' id='word_1_35' title='bbox 2107 920 2274 981; x_wconf 90' lang='lat' dir='ltr'><strong>enim</strong></span> <span class='ocrx_word' id='word_1_36' title='bbox 2314 920 2621 1000; x_wconf 90' lang='lat' dir='ltr'><strong>judicium</strong></span> 
     </span>
     <span class='ocr_line' id='line_1_6' title="bbox 264 1015 2623 1098; baseline 0.003 -22"><span class='ocrx_word' id='word_1_37' title='bbox 264 1015 382 1096; x_wconf 90' lang='lat' dir='ltr'><strong>est)</strong></span> <span class='ocrx_word' id='word_1_38' title='bbox 416 1015 778 1094; x_wconf 84' lang='lat' dir='ltr'><strong>occidendi3</strong></span> <span class='ocrx_word' id='word_1_39' title='bbox 810 1015 983 1097; x_wconf 88' lang='lat' dir='ltr'><strong>quod</strong></span> <span class='ocrx_word' id='word_1_40' title='bbox 1026 1036 1102 1077; x_wconf 87' lang='lat' dir='ltr'><strong>ex</strong></span> <span class='ocrx_word' id='word_1_41' title='bbox 1136 1035 1234 1077; x_wconf 90' lang='lat' dir='ltr'><strong>me</strong></span> <span class='ocrx_word' id='word_1_42' title='bbox 1271 1015 1452 1077; x_wconf 90' lang='lat' dir='ltr'><strong>annis</strong></span> <span class='ocrx_word' id='word_1_43' title='bbox 1478 1015 1911 1097; x_wconf 89' lang='lat' dir='ltr'><strong>superioribus</strong></span> <span class='ocrx_word' id='word_1_44' title='bbox 1938 1016 2232 1097; x_wconf 89' lang='lat' dir='ltr'><strong>princeps</strong></span> <span class='ocrx_word' id='word_1_45' title='bbox 2259 1018 2522 1098; x_wconf 87' lang='lat' dir='ltr'><strong>quidam</strong></span> <span class='ocrx_word' id='word_1_46' title='bbox 2557 1021 2623 1082; x_wconf 89' lang='lat' dir='ltr'><strong>in</strong></span> 
     </span>
     <span class='ocr_line' id='line_1_7' title="bbox 262 1111 2618 1198; baseline 0.001 -22"><span class='ocrx_word' id='word_1_47' title='bbox 262 1112 479 1176; x_wconf 90' lang='lat' dir='ltr'><strong>Sicilia</strong></span> <span class='ocrx_word' id='word_1_48' title='bbox 510 1113 761 1194; x_wconf 89' lang='lat' dir='ltr'><strong>rogavit</strong></span> <span class='ocrx_word' id='word_1_49' title='bbox 799 1133 925 1194; x_wconf 90' lang='lat' dir='ltr'><strong>quo</strong></span> <span class='ocrx_word' id='word_1_50' title='bbox 965 1121 1253 1195; x_wconf 80' lang='lat' dir='ltr'><strong>tempore</strong></span> <span class='ocrx_word' id='word_1_51' title='bbox 1291 1114 1358 1174; x_wconf 91' lang='lat' dir='ltr'><strong>in</strong></span> <span class='ocrx_word' id='word_1_52' title='bbox 1399 1133 1473 1174; x_wconf 89' lang='lat' dir='ltr'><strong>ea</strong></span> <span class='ocrx_word' id='word_1_53' title='bbox 1512 1113 1722 1196; x_wconf 90' lang='lat' dir='ltr'><strong>insula</strong></span> <span class='ocrx_word' id='word_1_54' title='bbox 1760 1113 2095 1192; x_wconf 86' lang='lat' dir='ltr'><strong>theologiae</strong></span> <span class='ocrx_word' id='word_1_55' title='bbox 2137 1111 2387 1177; x_wconf 88' lang='lat' dir='ltr'><strong>scholas</strong></span> <span class='ocrx_word' id='word_1_56' title='bbox 2423 1117 2618 1198; x_wconf 85' lang='lat' dir='ltr'><strong>expli-</strong></span> 
     </span>
     <span class='ocr_line' id='line_1_8' title="bbox 263 1211 2624 1292; baseline 0.002 -19"><span class='ocrx_word' id='word_1_57' title='bbox 263 1212 532 1274; x_wconf 88' lang='lat' dir='ltr'><strong>cuimus.</strong></span> <span class='ocrx_word' id='word_1_58' title='bbox 571 1237 601 1268; x_wconf 91' lang='lat'>»</span> <span class='ocrx_word' id='word_1_59' title='bbox 630 1213 793 1274; x_wconf 89' lang='lat' dir='ltr'><strong>Sane</strong></span> <span class='ocrx_word' id='word_1_60' title='bbox 832 1212 1190 1273; x_wconf 86' lang='lat' dir='ltr'><strong>mirandum</strong></span> <span class='ocrx_word' id='word_1_61' title='bbox 1232 1211 1461 1292; x_wconf 90' lang='lat' dir='ltr'><strong>quibus</strong></span> <span class='ocrx_word' id='word_1_62' title='bbox 1502 1211 1768 1291; x_wconf 89' lang='lat' dir='ltr'><strong>argutiis</strong></span> <span class='ocrx_word' id='word_1_63' title='bbox 1798 1212 2106 1292; x_wconf 87' lang='lat' dir='ltr'><strong>nugisque</strong></span> <span class='ocrx_word' id='word_1_64' title='bbox 2145 1212 2416 1275; x_wconf 80' lang='lat' dir='ltr'><strong>anilibus</strong></span> <span class='ocrx_word' id='word_1_65' title='bbox 2454 1214 2624 1277; x_wconf 90' lang='lat' dir='ltr'><strong>illius</strong></span> 
     </span>
     <span class='ocr_line' id='line_1_9' title="bbox 264 1309 2622 1390; baseline 0.002 -19"><span class='ocrx_word' id='word_1_66' title='bbox 264 1309 473 1371; x_wconf 85' lang='lat' dir='ltr'><strong>aetatis</strong></span> <span class='ocrx_word' id='word_1_67' title='bbox 499 1309 943 1390; x_wconf 82' lang='lat' dir='ltr'><strong>theologorum</strong></span> <span class='ocrx_word' id='word_1_68' title='bbox 984 1328 1161 1371; x_wconf 91' lang='lat' dir='ltr'><strong>mens</strong></span> <span class='ocrx_word' id='word_1_69' title='bbox 1201 1309 1600 1384; x_wconf 82' lang='lat' dir='ltr'><strong>distineatur,</strong></span> <span class='ocrx_word' id='word_1_70' title='bbox 1635 1309 1740 1371; x_wconf 90' lang='lat' dir='ltr'><strong>sed</strong></span> <span class='ocrx_word' id='word_1_71' title='bbox 1783 1310 1988 1387; x_wconf 88' lang='lat' dir='ltr'><strong>magis</strong></span> <span class='ocrx_word' id='word_1_72' title='bbox 2031 1310 2223 1371; x_wconf 87' lang='lat' dir='ltr'><strong>etiam</strong></span> <span class='ocrx_word' id='word_1_73' title='bbox 2262 1311 2622 1375; x_wconf 85' lang='lat' dir='ltr'><strong>mirandum</strong></span> 
     </span>
     <span class='ocr_line' id='line_1_10' title="bbox 263 1407 2622 1490; baseline 0.001 -21"><span class='ocrx_word' id='word_1_74' title='bbox 263 1427 392 1490; x_wconf 93' lang='lat' dir='ltr'><strong>quo</strong></span> <span class='ocrx_word' id='word_1_75' title='bbox 428 1426 732 1488; x_wconf 90' lang='lat' dir='ltr'><strong>responso</strong></span> <span class='ocrx_word' id='word_1_76' title='bbox 776 1408 921 1469; x_wconf 89' lang='lat' dir='ltr'><strong>talis</strong></span> <span class='ocrx_word' id='word_1_77' title='bbox 961 1407 1203 1488; x_wconf 86' lang='lat' dir='ltr'><strong>agitata</strong></span> <span class='ocrx_word' id='word_1_78' title='bbox 1242 1407 1509 1489; x_wconf 81' lang='lat' dir='ltr'><strong>quaestio</strong></span> <span class='ocrx_word' id='word_1_79' title='bbox 1550 1407 1885 1469; x_wconf 87' lang='lat' dir='ltr'><strong>enucleata</strong></span> <span class='ocrx_word' id='word_1_80' title='bbox 1923 1408 2022 1470; x_wconf 88' lang='lat' dir='ltr'><strong>sit.</strong></span> <span class='ocrx_word' id='word_1_81' title='bbox 2063 1409 2243 1488; x_wconf 83' lang='lat' dir='ltr'><strong>Saepe</strong></span> <span class='ocrx_word' id='word_1_82' title='bbox 2283 1408 2345 1469; x_wconf 93' lang='lat' dir='ltr'><strong>id</strong></span> <span class='ocrx_word' id='word_1_83' title='bbox 2385 1411 2622 1472; x_wconf 85' lang='lat' dir='ltr'><strong>factum</strong></span> 
     </span>
     <span class='ocr_line' id='line_1_11' title="bbox 262 1504 2623 1587; baseline 0.001 -20"><span class='ocrx_word' id='word_1_84' title='bbox 262 1505 521 1580; x_wconf 89' lang='lat' dir='ltr'><strong>scimus,</strong></span> <span class='ocrx_word' id='word_1_85' title='bbox 543 1506 748 1586; x_wconf 90' lang='lat' dir='ltr'><strong>inquit</strong></span> <span class='ocrx_word' id='word_1_86' title='bbox 770 1505 1075 1567; x_wconf 89' lang='lat' dir='ltr'><strong>mirabilis</strong></span> <span class='ocrx_word' id='word_1_87' title='bbox 1108 1511 1324 1566; x_wconf 86' lang='lat' dir='ltr'><strong>noster</strong></span> <span class='ocrx_word' id='word_1_88' title='bbox 1355 1505 1645 1568; x_wconf 86' lang='lat' dir='ltr'><strong>casuista.</strong></span> <span class='ocrx_word' id='word_1_89' title='bbox 1676 1504 1868 1566; x_wconf 90' lang='lat' dir='ltr'><strong>Nobis</strong></span> <span class='ocrx_word' id='word_1_90' title='bbox 1901 1511 2139 1585; x_wconf 86' lang='lat' dir='ltr'><strong>tamen,</strong></span> <span class='ocrx_word' id='word_1_91' title='bbox 2172 1506 2282 1586; x_wconf 91' lang='lat' dir='ltr'><strong>qui</strong></span> <span class='ocrx_word' id='word_1_92' title='bbox 2311 1526 2442 1568; x_wconf 88' lang='lat' dir='ltr'><strong>non</strong></span> <span class='ocrx_word' id='word_1_93' title='bbox 2473 1509 2623 1587; x_wconf 91' lang='lat' dir='ltr'><strong>quid</strong></span> 
     </span>
     <span class='ocr_line' id='line_1_12' title="bbox 262 1602 2624 1686; baseline 0.001 -22"><span class='ocrx_word' id='word_1_94' title='bbox 262 1604 504 1666; x_wconf 84' lang='lat' dir='ltr'><strong>faciant</strong></span> <span class='ocrx_word' id='word_1_95' title='bbox 534 1603 823 1665; x_wconf 90' lang='lat' dir='ltr'><strong>homines</strong></span> <span class='ocrx_word' id='word_1_96' title='bbox 852 1605 960 1665; x_wconf 88' lang='lat' dir='ltr'><strong>sed</strong></span> <span class='ocrx_word' id='word_1_97' title='bbox 1002 1604 1152 1684; x_wconf 92' lang='lat' dir='ltr'><strong>quid</strong></span> <span class='ocrx_word' id='word_1_98' title='bbox 1185 1622 1301 1683; x_wconf 84' lang='lat' dir='ltr'><strong>per</strong></span> <span class='ocrx_word' id='word_1_99' title='bbox 1340 1609 1588 1664; x_wconf 83' lang='lat' dir='ltr'><strong>naturae</strong></span> <span class='ocrx_word' id='word_1_100' title='bbox 1631 1602 1798 1682; x_wconf 88' lang='lat' dir='ltr'><strong>leges</strong></span> <span class='ocrx_word' id='word_1_101' title='bbox 1837 1621 2209 1665; x_wconf 88' lang='lat' dir='ltr'><strong>concessum</strong></span> <span class='ocrx_word' id='word_1_102' title='bbox 2243 1605 2324 1665; x_wconf 89' lang='lat' dir='ltr'><strong>sit</strong></span> <span class='ocrx_word' id='word_1_103' title='bbox 2353 1605 2624 1686; x_wconf 87' lang='lat' dir='ltr'><strong>despici·</strong></span> 
     </span>
     <span class='ocr_line' id='line_1_13' title="bbox 267 1701 2624 1784; baseline 0 -21"><span class='ocrx_word' id='word_1_104' title='bbox 267 1722 431 1777; x_wconf 62' lang='grc' dir='ltr'><strong>πως,</strong></span> <span class='ocrx_word' id='word_1_105' title='bbox 469 1702 607 1763; x_wconf 83' lang='lat' dir='ltr'><strong>haec</strong></span> <span class='ocrx_word' id='word_1_106' title='bbox 641 1708 735 1763; x_wconf 90' lang='lat' dir='ltr'><strong>est</strong></span> <span class='ocrx_word' id='word_1_107' title='bbox 771 1701 1156 1762; x_wconf 88' lang='lat' dir='ltr'><strong>instituenda</strong></span> <span class='ocrx_word' id='word_1_108' title='bbox 1198 1701 1489 1780; x_wconf 75' lang='lat' dir='ltr'><strong>quaestio,</strong></span> <span class='ocrx_word' id='word_1_109' title='bbox 1527 1703 1722 1780; x_wconf 86' lang='lat' dir='ltr'><strong>Leges</strong></span> <span class='ocrx_word' id='word_1_110' title='bbox 1767 1707 1976 1761; x_wconf 89' lang='lat' dir='ltr'><strong>autem</strong></span> <span class='ocrx_word' id='word_1_111' title='bbox 2024 1707 2270 1762; x_wconf 82' lang='lat' dir='ltr'><strong>naturae</strong></span> <span class='ocrx_word' id='word_1_112' title='bbox 2318 1722 2433 1782; x_wconf 90' lang='lat' dir='ltr'><strong>per</strong></span> <span class='ocrx_word' id='word_1_113' title='bbox 2463 1723 2624 1784; x_wconf 89' lang='lat' dir='ltr'><strong>quas</strong></span> 
     </span>
     <span class='ocr_line' id='line_1_14' title="bbox 263 1798 2618 1881; baseline 0.001 -20"><span class='ocrx_word' id='word_1_114' title='bbox 263 1801 431 1862; x_wconf 79' lang='lat' dir='ltr'><strong>ferro</strong></span> <span class='ocrx_word' id='word_1_115' title='bbox 467 1817 853 1881; x_wconf 85' lang='lat' dir='ltr'><strong>quemquam</strong></span> <span class='ocrx_word' id='word_1_116' title='bbox 884 1799 1157 1860; x_wconf 85' lang='lat' dir='ltr'><strong>eximere</strong></span> <span class='ocrx_word' id='word_1_117' title='bbox 1187 1798 1355 1872; x_wconf 91' lang='lat' dir='ltr'><strong>licet,</strong></span> <span class='ocrx_word' id='word_1_118' title='bbox 1388 1817 1518 1860; x_wconf 91' lang='lat' dir='ltr'><strong>non</strong></span> <span class='ocrx_word' id='word_1_119' title='bbox 1547 1798 1700 1859; x_wconf 90' lang='lat' dir='ltr'><strong>item</strong></span> <span class='ocrx_word' id='word_1_120' title='bbox 1742 1816 1986 1859; x_wconf 85' lang='lat' dir='ltr'><strong>veneno</strong></span> <span class='ocrx_word' id='word_1_121' title='bbox 2026 1799 2113 1858; x_wconf 89' lang='lat' dir='ltr'><strong>uti</strong></span> <span class='ocrx_word' id='word_1_122' title='bbox 2154 1808 2618 1864; x_wconf 87' lang='lat' dir='ltr'><strong>concesserunt.</strong></span> 
     </span>
     <span class='ocr_line' id='line_1_15' title="bbox 264 1895 2624 1976; baseline 0 -18"><span class='ocrx_word' id='word_1_123' title='bbox 264 1900 344 1958; x_wconf 82' lang='lat' dir='ltr'><strong>At</strong></span> <span class='ocrx_word' id='word_1_124' title='bbox 371 1897 543 1958; x_wconf 90' lang='lat' dir='ltr'><strong>enim</strong></span> <span class='ocrx_word' id='word_1_125' title='bbox 575 1896 726 1976; x_wconf 91' lang='lat' dir='ltr'><strong>quid</strong></span> <span class='ocrx_word' id='word_1_126' title='bbox 758 1897 1014 1957; x_wconf 88' lang='lat' dir='ltr'><strong>interest</strong></span> <span class='ocrx_word' id='word_1_127' title='bbox 1046 1896 1291 1957; x_wconf 85' lang='lat' dir='ltr'><strong>ferrove</strong></span> <span class='ocrx_word' id='word_1_128' title='bbox 1320 1915 1403 1957; x_wconf 90' lang='lat' dir='ltr'><strong>an</strong></span> <span class='ocrx_word' id='word_1_129' title='bbox 1432 1914 1678 1957; x_wconf 89' lang='lat' dir='ltr'><strong>veneno</strong></span> <span class='ocrx_word' id='word_1_130' title='bbox 1710 1895 2008 1975; x_wconf 87' lang='lat' dir='ltr'><strong>perimas.</strong></span> <span class='ocrx_word' id='word_1_131' title='bbox 2043 1897 2152 1956; x_wconf 83' lang='lat' dir='ltr'><strong>Est</strong></span> <span class='ocrx_word' id='word_1_132' title='bbox 2179 1895 2432 1976; x_wconf 89' lang='lat' dir='ltr'><strong>quidem</strong></span> <span class='ocrx_word' id='word_1_133' title='bbox 2465 1897 2624 1958; x_wconf 83' lang='lat' dir='ltr'><strong>diffi-</strong></span> 
     </span>
     <span class='ocr_line' id='line_1_16' title="bbox 264 1993 2625 2075; baseline 0 -19"><span class='ocrx_word' id='word_1_134' title='bbox 264 1995 447 2057; x_wconf 85' lang='lat' dir='ltr'><strong>cilius</strong></span> <span class='ocrx_word' id='word_1_135' title='bbox 471 1994 743 2075; x_wconf 89' lang='lat' dir='ltr'><strong>principi</strong></span> <span class='ocrx_word' id='word_1_136' title='bbox 772 2012 1083 2054; x_wconf 87' lang='lat' dir='ltr'><strong>venenum</strong></span> <span class='ocrx_word' id='word_1_137' title='bbox 1114 2000 1492 2073; x_wconf 88' lang='lat' dir='ltr'><strong>temperare,</strong></span> <span class='ocrx_word' id='word_1_138' title='bbox 1528 2012 1608 2053; x_wconf 82' lang='lat' dir='ltr'><strong>ex</strong></span> <span class='ocrx_word' id='word_1_139' title='bbox 1637 2011 1764 2072; x_wconf 91' lang='lat' dir='ltr'><strong>quo</strong></span> <span class='ocrx_word' id='word_1_140' title='bbox 1797 1993 2144 2072; x_wconf 80' lang='lat' dir='ltr'><strong>praesertim</strong></span> <span class='ocrx_word' id='word_1_141' title='bbox 2184 1999 2370 2072; x_wconf 88' lang='lat' dir='ltr'><strong>gustu</strong></span> <span class='ocrx_word' id='word_1_142' title='bbox 2403 1994 2625 2074; x_wconf 85' lang='lat' dir='ltr'><strong>epulas</strong></span> 
     </span>
     <span class='ocr_line' id='line_1_17' title="bbox 264 2091 2624 2173; baseline -0.001 -17"><span class='ocrx_word' id='word_1_143' title='bbox 264 2092 599 2173; x_wconf 86' lang='lat' dir='ltr'><strong>explorare</strong></span> <span class='ocrx_word' id='word_1_144' title='bbox 627 2093 928 2154; x_wconf 88' lang='lat' dir='ltr'><strong>usitatum</strong></span> <span class='ocrx_word' id='word_1_145' title='bbox 955 2097 1080 2165; x_wconf 83' lang='lat' dir='ltr'><strong>est3</strong></span> <span class='ocrx_word' id='word_1_146' title='bbox 1109 2091 1218 2153; x_wconf 89' lang='lat' dir='ltr'><strong>sed</strong></span> <span class='ocrx_word' id='word_1_147' title='bbox 1254 2092 1302 2151; x_wconf 88' lang='lat' dir='ltr'><strong>si</strong></span> <span class='ocrx_word' id='word_1_148' title='bbox 1335 2091 1585 2153; x_wconf 87' lang='lat' dir='ltr'><strong>occasio</strong></span> <span class='ocrx_word' id='word_1_149' title='bbox 1614 2099 1981 2172; x_wconf 89' lang='lat' dir='ltr'><strong>opportuna</strong></span> <span class='ocrx_word' id='word_1_150' title='bbox 2005 2092 2330 2165; x_wconf 82' lang='lat' dir='ltr'><strong>offeratur,</strong></span> <span class='ocrx_word' id='word_1_151' title='bbox 2355 2095 2510 2173; x_wconf 91' lang='lat' dir='ltr'><strong>quin</strong></span> <span class='ocrx_word' id='word_1_152' title='bbox 2540 2095 2624 2154; x_wconf 87' lang='lat' dir='ltr'><strong>ad</strong></span> 
     </span>
     <span class='ocr_line' id='line_1_18' title="bbox 264 2188 2623 2274; baseline 0 -22"><span class='ocrx_word' id='word_1_153' title='bbox 264 2210 405 2253; x_wconf 91' lang='lat' dir='ltr'><strong>eam</strong></span> <span class='ocrx_word' id='word_1_154' title='bbox 449 2190 606 2252; x_wconf 90' lang='lat' dir='ltr'><strong>adeo</strong></span> <span class='ocrx_word' id='word_1_155' title='bbox 646 2196 1007 2274; x_wconf 23' lang='lat' dir='ltr'><strong>prompt-am</strong></span> <span class='ocrx_word' id='word_1_156' title='bbox 1050 2207 1341 2250; x_wconf 83' lang='lat' dir='ltr'><strong>recurras</strong></span> <span class='ocrx_word' id='word_1_157' title='bbox 1390 2188 1660 2250; x_wconf 89' lang='lat' dir='ltr'><strong>tollendi</strong></span> <span class='ocrx_word' id='word_1_158' title='bbox 1699 2189 1902 2249; x_wconf 89' lang='lat' dir='ltr'><strong>hostis</strong></span> <span class='ocrx_word' id='word_1_159' title='bbox 1942 2189 2276 2250; x_wconf 87' lang='lat' dir='ltr'><strong>rationem.</strong></span> <span class='ocrx_word' id='word_1_160' title='bbox 2315 2190 2623 2269; x_wconf 85' lang='lat' dir='ltr'><strong>Equidem</strong></span> 
     </span>
     <span class='ocr_line' id='line_1_19' title="bbox 260 2285 2620 2368; baseline -0 -18"><span class='ocrx_word' id='word_1_161' title='bbox 260 2308 391 2351; x_wconf 87' lang='lat' dir='ltr'><strong>non</strong></span> <span class='ocrx_word' id='word_1_162' title='bbox 422 2285 670 2368; x_wconf 88' lang='lat' dir='ltr'><strong>negabo</strong></span> <span class='ocrx_word' id='word_1_163' title='bbox 697 2287 793 2347; x_wconf 90' lang='lat' dir='ltr'><strong>his</strong></span> <span class='ocrx_word' id='word_1_164' title='bbox 818 2286 1208 2364; x_wconf 84' lang='lat' dir='ltr'><strong>argumentis</strong></span> <span class='ocrx_word' id='word_1_165' title='bbox 1245 2305 1550 2365; x_wconf 88' lang='lat' dir='ltr'><strong>magnam</strong></span> <span class='ocrx_word' id='word_1_166' title='bbox 1593 2286 1717 2346; x_wconf 90' lang='lat' dir='ltr'><strong>vim</strong></span> <span class='ocrx_word' id='word_1_167' title='bbox 1760 2286 1986 2363; x_wconf 88' lang='lat' dir='ltr'><strong>inesse,</strong></span> <span class='ocrx_word' id='word_1_168' title='bbox 2020 2286 2274 2366; x_wconf 89' lang='lat' dir='ltr'><strong>subjicit</strong></span> <span class='ocrx_word' id='word_1_169' title='bbox 2314 2287 2620 2363; x_wconf 85' lang='lat' dir='ltr'><strong>Mariana,</strong></span> 
     </span>
     <span class='ocr_line' id='line_1_20' title="bbox 266 2383 2624 2468; baseline 0 -20"><span class='ocrx_word' id='word_1_170' title='bbox 266 2386 446 2468; x_wconf 88' lang='lat' dir='ltr'><strong>quasi</strong></span> <span class='ocrx_word' id='word_1_171' title='bbox 477 2386 709 2447; x_wconf 85' lang='lat' dir='ltr'><strong>invitus</strong></span> <span class='ocrx_word' id='word_1_172' title='bbox 740 2385 1069 2445; x_wconf 88' lang='lat' dir='ltr'><strong>renitatur.</strong></span> <span class='ocrx_word' id='word_1_173' title='bbox 1102 2383 1223 2446; x_wconf 87' lang='lat' dir='ltr'><strong>Sed</strong></span> <span class='ocrx_word' id='word_1_174' title='bbox 1253 2384 1446 2444; x_wconf 88' lang='lat' dir='ltr'><strong>vincit</strong></span> <span class='ocrx_word' id='word_1_175' title='bbox 1476 2384 1676 2444; x_wconf 90' lang='lat' dir='ltr'><strong>animi</strong></span> <span class='ocrx_word' id='word_1_176' title='bbox 1705 2383 1906 2464; x_wconf 88' lang='lat' dir='ltr'><strong>pietas</strong></span> <span class='ocrx_word' id='word_1_177' title='bbox 1945 2390 2008 2445; x_wconf 91' lang='lat' dir='ltr'><strong>et</strong></span> <span class='ocrx_word' id='word_1_178' title='bbox 2045 2384 2290 2464; x_wconf 85' lang='lat' dir='ltr'><strong>religio,</strong></span> <span class='ocrx_word' id='word_1_179' title='bbox 2323 2385 2624 2448; x_wconf 89' lang='lat' dir='ltr'><strong>nimirum</strong></span> 
     </span>
     <span class='ocr_line' id='line_1_21' title="bbox 263 2479 2622 2562; baseline -0.001 -16"><span class='ocrx_word' id='word_1_180' title='bbox 263 2483 517 2547; x_wconf 90' lang='lat' dir='ltr'><strong>crudele</strong></span> <span class='ocrx_word' id='word_1_181' title='bbox 548 2485 717 2544; x_wconf 90' lang='lat' dir='ltr'><strong>enim</strong></span> <span class='ocrx_word' id='word_1_182' title='bbox 748 2490 811 2544; x_wconf 93' lang='lat' dir='ltr'><strong>et</strong></span> <span class='ocrx_word' id='word_1_183' title='bbox 835 2502 872 2543; x_wconf 88' lang='lat' dir='ltr'><strong>a</strong></span> <span class='ocrx_word' id='word_1_184' title='bbox 902 2482 1262 2545; x_wconf 89' lang='lat' dir='ltr'><strong>christianis</strong></span> <span class='ocrx_word' id='word_1_185' title='bbox 1294 2481 1578 2543; x_wconf 85' lang='lat' dir='ltr'><strong>moribus</strong></span> <span class='ocrx_word' id='word_1_186' title='bbox 1599 2479 1878 2542; x_wconf 88' lang='lat' dir='ltr'><strong>alienum</strong></span> <span class='ocrx_word' id='word_1_187' title='bbox 1907 2499 1982 2542; x_wconf 85' lang='lat' dir='ltr'><strong>eo</strong></span> <span class='ocrx_word' id='word_1_188' title='bbox 2016 2483 2269 2562; x_wconf 86' lang='lat' dir='ltr'><strong>adigere</strong></span> <span class='ocrx_word' id='word_1_189' title='bbox 2299 2483 2622 2546; x_wconf 90' lang='lat' dir='ltr'><strong>hominem</strong></span> 
     </span>
     <span class='ocr_line' id='line_1_22' title="bbox 263 2579 2619 2664; baseline 0 -19"><span class='ocrx_word' id='word_1_190' title='bbox 263 2591 331 2645; x_wconf 91' lang='lat' dir='ltr'><strong>ut</strong></span> <span class='ocrx_word' id='word_1_191' title='bbox 361 2583 479 2645; x_wconf 91' lang='lat' dir='ltr'><strong>sibi</strong></span> <span class='ocrx_word' id='word_1_192' title='bbox 509 2582 629 2664; x_wconf 90' lang='lat' dir='ltr'><strong>ipsi</strong></span> <span class='ocrx_word' id='word_1_193' title='bbox 659 2600 885 2643; x_wconf 87' lang='lat' dir='ltr'><strong>manus</strong></span> <span class='ocrx_word' id='word_1_194' title='bbox 910 2583 1134 2643; x_wconf 82' lang='lat' dir='ltr'><strong>afferat</strong></span> <span class='ocrx_word' id='word_1_195' title='bbox 1162 2580 1382 2641; x_wconf 89' lang='lat' dir='ltr'><strong>lethali</strong></span> <span class='ocrx_word' id='word_1_196' title='bbox 1404 2599 1647 2642; x_wconf 89' lang='lat' dir='ltr'><strong>veneno</strong></span> <span class='ocrx_word' id='word_1_197' title='bbox 1668 2581 1732 2641; x_wconf 91' lang='lat' dir='ltr'><strong>in</strong></span> <span class='ocrx_word' id='word_1_198' title='bbox 1755 2579 1896 2642; x_wconf 92' lang='lat' dir='ltr'><strong>cibo</strong></span> <span class='ocrx_word' id='word_1_199' title='bbox 1921 2586 2032 2641; x_wconf 89' lang='lat' dir='ltr'><strong>aut</strong></span> <span class='ocrx_word' id='word_1_200' title='bbox 2058 2589 2212 2661; x_wconf 90' lang='lat' dir='ltr'><strong>potu</strong></span> <span class='ocrx_word' id='word_1_201' title='bbox 2242 2587 2619 2662; x_wconf 78' lang='lat' dir='ltr'><strong>temperate,</strong></span> 
     </span>
     <span class='ocr_line' id='line_1_23' title="bbox 262 2676 2619 2761; baseline -0 -18"><span class='ocrx_word' id='word_1_202' title='bbox 262 2700 541 2761; x_wconf 87' lang='lat' dir='ltr'><strong>namque</strong></span> <span class='ocrx_word' id='word_1_203' title='bbox 590 2680 734 2760; x_wconf 87' lang='lat' dir='ltr'><strong>jure</strong></span> <span class='ocrx_word' id='word_1_204' title='bbox 802 2686 1042 2741; x_wconf 71' lang='lat' dir='ltr'><strong>naturas</strong></span> <span class='ocrx_word' id='word_1_205' title='bbox 1102 2679 1165 2738; x_wconf 89' lang='lat' dir='ltr'><strong>in</strong></span> <span class='ocrx_word' id='word_1_206' title='bbox 1224 2679 1419 2739; x_wconf 85' lang='lat' dir='ltr'><strong>vitam</strong></span> <span class='ocrx_word' id='word_1_207' title='bbox 1478 2697 1660 2738; x_wconf 90' lang='lat' dir='ltr'><strong>suam</strong></span> <span class='ocrx_word' id='word_1_208' title='bbox 1719 2678 1940 2739; x_wconf 87' lang='lat' dir='ltr'><strong>saevire</strong></span> <span class='ocrx_word' id='word_1_209' title='bbox 1997 2676 2246 2739; x_wconf 62' lang='lat' dir='ltr'><strong>vetatur</strong></span> <span class='ocrx_word' id='word_1_210' title='bbox 2303 2680 2619 2743; x_wconf 82' lang='lat' dir='ltr'><strong>omnibus.</strong></span> 
     </span>
     <span class='ocr_line' id='line_1_24' title="bbox 257 2775 2625 2857; baseline -0.001 -16"><span class='ocrx_word' id='word_1_211' title='bbox 257 2782 311 2841; x_wconf 91' lang='grc' dir='ltr'>Ο</span> <span class='ocrx_word' id='word_1_212' title='bbox 340 2780 572 2841; x_wconf 86' lang='lat' dir='ltr'><strong>miram</strong></span> <span class='ocrx_word' id='word_1_213' title='bbox 613 2778 888 2840; x_wconf 89' lang='lat' dir='ltr'><strong>hominis</strong></span> <span class='ocrx_word' id='word_1_214' title='bbox 936 2785 998 2839; x_wconf 90' lang='lat' dir='ltr'><strong>et</strong></span> <span class='ocrx_word' id='word_1_215' title='bbox 1042 2777 1422 2857; x_wconf 85' lang='lat' dir='ltr'><strong>flagitiosam</strong></span> <span class='ocrx_word' id='word_1_216' title='bbox 1454 2775 1834 2837; x_wconf 87' lang='lat' dir='ltr'><strong>amentiaml</strong></span> <span class='ocrx_word' id='word_1_217' title='bbox 1887 2778 2005 2850; x_wconf 85' lang='lat' dir='ltr'><strong>Qui</strong></span> <span class='ocrx_word' id='word_1_218' title='bbox 2061 2777 2249 2838; x_wconf 91' lang='lat' dir='ltr'><strong>modo</strong></span> <span class='ocrx_word' id='word_1_219' title='bbox 2290 2778 2514 2855; x_wconf 83' lang='lat' dir='ltr'><strong>frigide</strong></span> <span class='ocrx_word' id='word_1_220' title='bbox 2562 2784 2625 2839; x_wconf 84' lang='lat' dir='ltr'><strong>et</strong></span> 
     </span>
     <span class='ocr_line' id='line_1_25' title="bbox 260 2874 2625 2958; baseline -0 -20"><span class='ocrx_word' id='word_1_221' title='bbox 260 2878 668 2958; x_wconf 86' lang='lat' dir='ltr'><strong>impudenter</strong></span> <span class='ocrx_word' id='word_1_222' title='bbox 713 2876 777 2935; x_wconf 91' lang='lat' dir='ltr'><strong>in</strong></span> <span class='ocrx_word' id='word_1_223' title='bbox 825 2895 1112 2937; x_wconf 89' lang='lat' dir='ltr'><strong>cruorem</strong></span> <span class='ocrx_word' id='word_1_224' title='bbox 1158 2874 1678 2952; x_wconf 82' lang='lat' dir='ltr'><strong>immergebatur,</strong></span> <span class='ocrx_word' id='word_1_225' title='bbox 1726 2892 1892 2935; x_wconf 89' lang='lat' dir='ltr'><strong>nunc</strong></span> <span class='ocrx_word' id='word_1_226' title='bbox 1938 2880 2121 2935; x_wconf 90' lang='lat' dir='ltr'><strong>caute</strong></span> <span class='ocrx_word' id='word_1_227' title='bbox 2165 2880 2228 2935; x_wconf 92' lang='lat' dir='ltr'><strong>et</strong></span> <span class='ocrx_word' id='word_1_228' title='bbox 2270 2876 2625 2937; x_wconf 88' lang='lat' dir='ltr'><strong>verecunde</strong></span> 
     </span>
     <span class='ocr_line' id='line_1_26' title="bbox 261 2971 2626 3054; baseline -0.001 -15"><span class='ocrx_word' id='word_1_229' title='bbox 261 2975 567 3039; x_wconf 88' lang='lat' dir='ltr'><strong>abhorret</strong></span> <span class='ocrx_word' id='word_1_230' title='bbox 598 2974 807 3037; x_wconf 88' lang='lat' dir='ltr'><strong>neseio</strong></span> <span class='ocrx_word' id='word_1_231' title='bbox 840 2975 1011 3054; x_wconf 89' lang='lat' dir='ltr'><strong>quod</strong></span> <span class='ocrx_word' id='word_1_232' title='bbox 1041 2974 1429 3035; x_wconf 87' lang='lat' dir='ltr'><strong>somniatum</strong></span> <span class='ocrx_word' id='word_1_233' title='bbox 1458 2972 1664 3034; x_wconf 88' lang='lat' dir='ltr'><strong>scelus</strong></span> <span class='ocrx_word' id='word_1_234' title='bbox 1705 2973 1842 3052; x_wconf 90' lang='lat' dir='ltr'><strong>ejus</strong></span> <span class='ocrx_word' id='word_1_235' title='bbox 1881 2972 1989 3051; x_wconf 90' lang='lat' dir='ltr'><strong>qui</strong></span> <span class='ocrx_word' id='word_1_236' title='bbox 2026 2971 2258 3033; x_wconf 90' lang='lat' dir='ltr'><strong>inscius</strong></span> <span class='ocrx_word' id='word_1_237' title='bbox 2292 2979 2356 3033; x_wconf 91' lang='lat' dir='ltr'><strong>et</strong></span> <span class='ocrx_word' id='word_1_238' title='bbox 2393 2973 2626 3036; x_wconf 83' lang='lat' dir='ltr'><strong>invitus</strong></span> 
     </span>
     <span class='ocr_line' id='line_1_27' title="bbox 260 3069 2624 3149; baseline -0.001 -12"><span class='ocrx_word' id='word_1_239' title='bbox 260 3080 533 3137; x_wconf 85' lang='lat' dir='ltr'><strong>mortem</strong></span> <span class='ocrx_word' id='word_1_240' title='bbox 570 3072 688 3133; x_wconf 91' lang='lat' dir='ltr'><strong>sibi</strong></span> <span class='ocrx_word' id='word_1_241' title='bbox 720 3072 1074 3133; x_wconf 87' lang='lat' dir='ltr'><strong>adsciverit.</strong></span> <span class='ocrx_word' id='word_1_242' title='bbox 1107 3072 1291 3144; x_wconf 89' lang='lat' dir='ltr'><strong>Quid,</strong></span> <span class='ocrx_word' id='word_1_243' title='bbox 1325 3071 1433 3145; x_wconf 87' lang='lat' dir='ltr'><strong>ait,</strong></span> <span class='ocrx_word' id='word_1_244' title='bbox 1470 3071 1662 3132; x_wconf 86' lang='lat' dir='ltr'><strong>refert</strong></span> <span class='ocrx_word' id='word_1_245' title='bbox 1693 3070 1990 3149; x_wconf 85' lang='lat' dir='ltr'><strong>prudenti</strong></span> <span class='ocrx_word' id='word_1_246' title='bbox 2019 3088 2103 3130; x_wconf 93' lang='lat' dir='ltr'><strong>an</strong></span> <span class='ocrx_word' id='word_1_247' title='bbox 2134 3069 2356 3149; x_wconf 88' lang='lat' dir='ltr'><strong>ignaro</strong></span> <span class='ocrx_word' id='word_1_248' title='bbox 2389 3071 2624 3135; x_wconf 87' lang='lat' dir='ltr'><strong>lethale</strong></span> 
     </span>
     <span class='ocr_line' id='line_1_28' title="bbox 260 3169 2624 3251; baseline -0.001 -16"><span class='ocrx_word' id='word_1_249' title='bbox 260 3190 573 3235; x_wconf 81' lang='lat' dir='ltr'><strong>venenum</strong></span> <span class='ocrx_word' id='word_1_250' title='bbox 602 3170 1011 3251; x_wconf 78' lang='lat' dir='ltr'><strong>propinetur?</strong></span> <span class='ocrx_word' id='word_1_251' title='bbox 1040 3177 1107 3231; x_wconf 87' lang='lat' dir='ltr'><strong>at</strong></span> <span class='ocrx_word' id='word_1_252' title='bbox 1134 3169 1507 3231; x_wconf 82' lang='lat' dir='ltr'><strong>interfector</strong></span> <span class='ocrx_word' id='word_1_253' title='bbox 1536 3186 1664 3229; x_wconf 90' lang='lat' dir='ltr'><strong>non</strong></span> <span class='ocrx_word' id='word_1_254' title='bbox 1695 3169 1952 3247; x_wconf 87' lang='lat' dir='ltr'><strong>ignorat</strong></span> <span class='ocrx_word' id='word_1_255' title='bbox 1980 3186 2106 3247; x_wconf 92' lang='lat' dir='ltr'><strong>quo</strong></span> <span class='ocrx_word' id='word_1_256' title='bbox 2139 3169 2362 3229; x_wconf 88' lang='lat' dir='ltr'><strong>mortis</strong></span> <span class='ocrx_word' id='word_1_257' title='bbox 2397 3188 2624 3249; x_wconf 90' lang='lat' dir='ltr'><strong>genere</strong></span> 
     </span>
     <span class='ocr_line' id='line_1_29' title="bbox 260 3265 2625 3345; baseline -0.001 -13"><span class='ocrx_word' id='word_1_258' title='bbox 260 3277 499 3343; x_wconf 89' lang='lat' dir='ltr'><strong>utatur,</strong></span> <span class='ocrx_word' id='word_1_259' title='bbox 542 3276 607 3329; x_wconf 89' lang='lat' dir='ltr'><strong>et</strong></span> <span class='ocrx_word' id='word_1_260' title='bbox 653 3267 729 3328; x_wconf 88' lang='lat' dir='ltr'><strong>ad</strong></span> <span class='ocrx_word' id='word_1_261' title='bbox 783 3275 1104 3330; x_wconf 88' lang='lat' dir='ltr'><strong>auctorem</strong></span> <span class='ocrx_word' id='word_1_262' title='bbox 1158 3267 1320 3328; x_wconf 84' lang='lat' dir='ltr'><strong>redit</strong></span> <span class='ocrx_word' id='word_1_263' title='bbox 1368 3266 1619 3327; x_wconf 87' lang='lat' dir='ltr'><strong>sceleris</strong></span> <span class='ocrx_word' id='word_1_264' title='bbox 1659 3284 1774 3345; x_wconf 90' lang='lat' dir='ltr'><strong>per</strong></span> <span class='ocrx_word' id='word_1_265' title='bbox 1827 3265 2253 3343; x_wconf 84' lang='lat' dir='ltr'><strong>ignorantiam</strong></span> <span class='ocrx_word' id='word_1_266' title='bbox 2305 3268 2625 3329; x_wconf 89' lang='lat' dir='ltr'><strong>commissi</strong></span> 
     </span>
     <span class='ocr_line' id='line_1_30' title="bbox 260 3362 2621 3448; baseline -0.003 -18"><span class='ocrx_word' id='word_1_267' title='bbox 260 3368 475 3448; x_wconf 87' lang='lat' dir='ltr'><strong>culpa.</strong></span> <span class='ocrx_word' id='word_1_268' title='bbox 522 3366 702 3439; x_wconf 87' lang='lat' dir='ltr'><strong>Quod</strong></span> <span class='ocrx_word' id='word_1_269' title='bbox 742 3366 793 3427; x_wconf 90' lang='lat' dir='ltr'><strong>si</strong></span> <span class='ocrx_word' id='word_1_270' title='bbox 840 3365 1112 3427; x_wconf 84' lang='lat' dir='ltr'><strong>exterius</strong></span> <span class='ocrx_word' id='word_1_271' title='bbox 1147 3365 1227 3426; x_wconf 88' lang='lat' dir='ltr'><strong>ab</strong></span> <span class='ocrx_word' id='word_1_272' title='bbox 1271 3364 1393 3425; x_wconf 90' lang='lat' dir='ltr'><strong>alio</strong></span> <span class='ocrx_word' id='word_1_273' title='bbox 1442 3362 1827 3425; x_wconf 86' lang='lat' dir='ltr'><strong>adhibeatur</strong></span> <span class='ocrx_word' id='word_1_274' title='bbox 1865 3382 2208 3436; x_wconf 88' lang='lat' dir='ltr'><strong>venenum,</strong></span> <span class='ocrx_word' id='word_1_275' title='bbox 2242 3363 2399 3424; x_wconf 89' lang='lat' dir='ltr'><strong>nihil</strong></span> <span class='ocrx_word' id='word_1_276' title='bbox 2441 3364 2621 3445; x_wconf 40' lang='lat' dir='ltr'><strong>adjut-</strong></span> 
     </span>
     <span class='ocr_line' id='line_1_31' title="bbox 259 3442 2620 3546; baseline -0.002 -18"><span class='ocrx_word' id='word_1_277' title='bbox 259 3472 453 3528; x_wconf 88' lang='lat' dir='ltr'><strong>vante</strong></span> <span class='ocrx_word' id='word_1_278' title='bbox 500 3442 579 3527; x_wconf 68' lang='lat' dir='ltr'><strong>eo</strong></span> <span class='ocrx_word' id='word_1_279' title='bbox 629 3465 736 3546; x_wconf 91' lang='lat' dir='ltr'><strong>qui</strong></span> <span class='ocrx_word' id='word_1_280' title='bbox 784 3462 1191 3544; x_wconf 86' lang='lat' dir='ltr'><strong>perimendus</strong></span> <span class='ocrx_word' id='word_1_281' title='bbox 1235 3469 1353 3535; x_wconf 87' lang='lat' dir='ltr'><strong>est,</strong></span> <span class='ocrx_word' id='word_1_282' title='bbox 1400 3462 1571 3542; x_wconf 90' lang='lat' dir='ltr'><strong>quod</strong></span> <span class='ocrx_word' id='word_1_283' title='bbox 1614 3461 2034 3522; x_wconf 86' lang='lat' dir='ltr'><strong>humanitatis</strong></span> <span class='ocrx_word' id='word_1_284' title='bbox 2084 3460 2328 3539; x_wconf 89' lang='lat' dir='ltr'><strong>legibus</strong></span> <span class='ocrx_word' id='word_1_285' title='bbox 2367 3462 2620 3542; x_wconf 88' lang='lat' dir='ltr'><strong>jurique</strong></span> 
     </span>
     <span class='ocr_line' id='line_1_32' title="bbox 261 3560 2622 3639; baseline -0.001 -13"><span class='ocrx_word' id='word_1_286' title='bbox 261 3564 655 3626; x_wconf 88' lang='lat' dir='ltr'><strong>eontrarium</strong></span> <span class='ocrx_word' id='word_1_287' title='bbox 688 3562 827 3636; x_wconf 87' lang='lat' dir='ltr'><strong>fuit,</strong></span> <span class='ocrx_word' id='word_1_288' title='bbox 863 3561 1041 3623; x_wconf 89' lang='lat' dir='ltr'><strong>omni</strong></span> <span class='ocrx_word' id='word_1_289' title='bbox 1064 3580 1231 3623; x_wconf 86' lang='lat' dir='ltr'><strong>noxa</strong></span> <span class='ocrx_word' id='word_1_290' title='bbox 1261 3567 1433 3623; x_wconf 87' lang='lat' dir='ltr'><strong>caret</strong></span> <span class='ocrx_word' id='word_1_291' title='bbox 1466 3567 1533 3621; x_wconf 89' lang='lat' dir='ltr'><strong>ut</strong></span> <span class='ocrx_word' id='word_1_292' title='bbox 1562 3560 1767 3621; x_wconf 86' lang='lat' dir='ltr'><strong>caedes</strong></span> <span class='ocrx_word' id='word_1_293' title='bbox 1797 3561 2034 3639; x_wconf 84' lang='lat' dir='ltr'><strong>quaevis</strong></span> <span class='ocrx_word' id='word_1_294' title='bbox 2067 3567 2128 3621; x_wconf 90' lang='lat' dir='ltr'><strong>et</strong></span> <span class='ocrx_word' id='word_1_295' title='bbox 2157 3565 2378 3622; x_wconf 87' lang='lat' dir='ltr'><strong>auctor</strong></span> <span class='ocrx_word' id='word_1_296' title='bbox 2407 3567 2622 3623; x_wconf 85' lang='lat' dir='ltr'><strong>noster</strong></span> 
     </span>
     <span class='ocr_line' id='line_1_33' title="bbox 259 3657 2622 3738; baseline -0.001 -15"><span class='ocrx_word' id='word_1_297' title='bbox 259 3660 441 3723; x_wconf 87' lang='lat' dir='ltr'><strong>nulla</strong></span> <span class='ocrx_word' id='word_1_298' title='bbox 478 3659 877 3722; x_wconf 88' lang='lat' dir='ltr'><strong>cunctatione</strong></span> <span class='ocrx_word' id='word_1_299' title='bbox 920 3660 1015 3720; x_wconf 93' lang='lat' dir='ltr'><strong>illi</strong></span> <span class='ocrx_word' id='word_1_300' title='bbox 1055 3659 1317 3721; x_wconf 88' lang='lat' dir='ltr'><strong>assentit</strong></span> <span class='ocrx_word' id='word_1_301' title='bbox 1374 3658 1588 3719; x_wconf 88' lang='lat' dir='ltr'><strong>modo.</strong></span> <span class='ocrx_word' id='word_1_302' title='bbox 1633 3660 1794 3720; x_wconf 85' lang='lat' dir='ltr'><strong>Tota</strong></span> <span class='ocrx_word' id='word_1_303' title='bbox 1840 3657 2034 3736; x_wconf 86' lang='lat' dir='ltr'><strong>igitur</strong></span> <span class='ocrx_word' id='word_1_304' title='bbox 2079 3658 2347 3738; x_wconf 81' lang='lat' dir='ltr'><strong>quaestio</strong></span> <span class='ocrx_word' id='word_1_305' title='bbox 2388 3658 2450 3719; x_wconf 90' lang='lat' dir='ltr'><strong>in</strong></span> <span class='ocrx_word' id='word_1_306' title='bbox 2501 3659 2622 3721; x_wconf 88' lang='lat' dir='ltr'><strong>hoc</strong></span> 
     </span>
     <span class='ocr_line' id='line_1_34' title="bbox 256 3755 2619 3837; baseline -0.002 -16"><span class='ocrx_word' id='word_1_307' title='bbox 256 3764 549 3821; x_wconf 86' lang='lat' dir='ltr'><strong>versatur</strong></span> <span class='ocrx_word' id='word_1_308' title='bbox 579 3763 649 3818; x_wconf 93' lang='lat' dir='ltr'><strong>ut</strong></span> <span class='ocrx_word' id='word_1_309' title='bbox 678 3776 917 3820; x_wconf 89' lang='lat' dir='ltr'><strong>veneno</strong></span> <span class='ocrx_word' id='word_1_310' title='bbox 946 3763 1150 3818; x_wconf 86' lang='lat' dir='ltr'><strong>vestes</strong></span> <span class='ocrx_word' id='word_1_311' title='bbox 1181 3757 1586 3837; x_wconf 85' lang='lat' dir='ltr'><strong>potiusquam</strong></span> <span class='ocrx_word' id='word_1_312' title='bbox 1615 3755 1788 3818; x_wconf 90' lang='lat' dir='ltr'><strong>cibos</strong></span> <span class='ocrx_word' id='word_1_313' title='bbox 1819 3763 2085 3836; x_wconf 86' lang='lat' dir='ltr'><strong>potusve</strong></span> <span class='ocrx_word' id='word_1_314' title='bbox 2113 3755 2356 3817; x_wconf 82' lang='lat' dir='ltr'><strong>inficias</strong></span> <span class='ocrx_word' id='word_1_315' title='bbox 2388 3774 2404 3819; x_wconf 91' lang='lat'><strong>:</strong></span> <span class='ocrx_word' id='word_1_316' title='bbox 2443 3781 2474 3813; x_wconf 90' lang='lat'>«</span> <span class='ocrx_word' id='word_1_317' title='bbox 2511 3758 2619 3819; x_wconf 87' lang='lat' dir='ltr'><strong>Ni-</strong></span> 
     </span>
     <span class='ocr_line' id='line_1_35' title="bbox 259 3854 2618 3933; baseline -0.002 -14"><span class='ocrx_word' id='word_1_318' title='bbox 259 3859 494 3919; x_wconf 90' lang='lat' dir='ltr'><strong>mirum</strong></span> <span class='ocrx_word' id='word_1_319' title='bbox 530 3874 673 3917; x_wconf 91' lang='lat' dir='ltr'><strong>cum</strong></span> <span class='ocrx_word' id='word_1_320' title='bbox 708 3860 887 3916; x_wconf 87' lang='lat' dir='ltr'><strong>tanta</strong></span> <span class='ocrx_word' id='word_1_321' title='bbox 921 3855 1017 3917; x_wconf 89' lang='lat' dir='ltr'><strong>vis</strong></span> <span class='ocrx_word' id='word_1_322' title='bbox 1056 3862 1151 3916; x_wconf 92' lang='lat' dir='ltr'><strong>est</strong></span> <span class='ocrx_word' id='word_1_323' title='bbox 1191 3854 1438 3933; x_wconf 85' lang='lat' dir='ltr'><strong>veneni,</strong></span> <span class='ocrx_word' id='word_1_324' title='bbox 1484 3861 1552 3915; x_wconf 86' lang='lat' dir='ltr'><strong>ut</strong></span> <span class='ocrx_word' id='word_1_325' title='bbox 1591 3854 1749 3916; x_wconf 86' lang='lat' dir='ltr'><strong>sella</strong></span> <span class='ocrx_word' id='word_1_326' title='bbox 1799 3861 1909 3915; x_wconf 90' lang='lat' dir='ltr'><strong>aut</strong></span> <span class='ocrx_word' id='word_1_327' title='bbox 1952 3858 2125 3915; x_wconf 87' lang='lat' dir='ltr'><strong>veste</strong></span> <span class='ocrx_word' id='word_1_328' title='bbox 2172 3854 2453 3915; x_wconf 90' lang='lat' dir='ltr'><strong>delibuta</strong></span> <span class='ocrx_word' id='word_1_329' title='bbox 2491 3854 2618 3916; x_wconf 89' lang='lat' dir='ltr'><strong>vim</strong></span> 
     </span>
     <span class='ocr_line' id='line_1_36' title="bbox 257 3952 2617 4032; baseline -0.002 -14"><span class='ocrx_word' id='word_1_330' title='bbox 257 3954 675 4018; x_wconf 82' lang='lat' dir='ltr'><strong>interficiendi</strong></span> <span class='ocrx_word' id='word_1_331' title='bbox 718 3953 951 4015; x_wconf 87' lang='lat' dir='ltr'><strong>habeat</strong></span> <span class='ocrx_word' id='word_1_332' title='bbox 982 3954 1026 4013; x_wconf 88' lang='lat'><strong>¹.</strong></span> <span class='ocrx_word' id='word_1_333' title='bbox 1074 3978 1103 4010; x_wconf 91' lang='lat'>»</span> <span class='ocrx_word' id='word_1_334' title='bbox 1151 3955 1311 4015; x_wconf 88' lang='lat' dir='ltr'><strong>Sane</strong></span> <span class='ocrx_word' id='word_1_335' title='bbox 1349 3952 1588 4032; x_wconf 87' lang='lat' dir='ltr'><strong>pudeat</strong></span> <span class='ocrx_word' id='word_1_336' title='bbox 1627 3953 1708 4013; x_wconf 90' lang='lat' dir='ltr'><strong>ad</strong></span> <span class='ocrx_word' id='word_1_337' title='bbox 1749 3952 2097 4012; x_wconf 86' lang='lat' dir='ltr'><strong>humanam</strong></span> <span class='ocrx_word' id='word_1_338' title='bbox 2140 3952 2450 4013; x_wconf 87' lang='lat' dir='ltr'><strong>rationem</strong></span> <span class='ocrx_word' id='word_1_339' title='bbox 2489 3972 2617 4013; x_wconf 88' lang='lat' dir='ltr'><strong>res-</strong></span> 
     </span>
     <span class='ocr_line' id='line_1_37' title="bbox 256 4048 2618 4134; baseline -0.001 -21"><span class='ocrx_word' id='word_1_340' title='bbox 256 4052 592 4134; x_wconf 86' lang='lat' dir='ltr'><strong>picientem</strong></span> <span class='ocrx_word' id='word_1_341' title='bbox 626 4050 819 4111; x_wconf 88' lang='lat' dir='ltr'><strong>stulta</strong></span> <span class='ocrx_word' id='word_1_342' title='bbox 855 4050 994 4112; x_wconf 85' lang='lat' dir='ltr'><strong>haec</strong></span> <span class='ocrx_word' id='word_1_343' title='bbox 1033 4057 1097 4111; x_wconf 92' lang='lat' dir='ltr'><strong>et</strong></span> <span class='ocrx_word' id='word_1_344' title='bbox 1135 4049 1379 4111; x_wconf 85' lang='lat' dir='ltr'><strong>nefaria</strong></span> <span class='ocrx_word' id='word_1_345' title='bbox 1416 4049 1676 4123; x_wconf 84' lang='lat' dir='ltr'><strong>referre,</strong></span> <span class='ocrx_word' id='word_1_346' title='bbox 1711 4049 1777 4109; x_wconf 90' lang='lat' dir='ltr'><strong>ni</strong></span> <span class='ocrx_word' id='word_1_347' title='bbox 1814 4066 2025 4128; x_wconf 82' lang='lat' dir='ltr'><strong>operae</strong></span> <span class='ocrx_word' id='word_1_348' title='bbox 2064 4048 2339 4127; x_wconf 89' lang='lat' dir='ltr'><strong>pretium</strong></span> <span class='ocrx_word' id='word_1_349' title='bbox 2379 4048 2456 4110; x_wconf 89' lang='lat' dir='ltr'><strong>sit</strong></span> <span class='ocrx_word' id='word_1_350' title='bbox 2497 4048 2618 4111; x_wconf 90' lang='lat' dir='ltr'><strong>boc</strong></span> 
     </span>
     <span class='ocr_line' id='line_1_38' title="bbox 257 4146 2617 4229; baseline -0.002 -16"><span class='ocrx_word' id='word_1_351' title='bbox 257 4148 553 4229; x_wconf 88' lang='lat' dir='ltr'><strong>exemplo</strong></span> <span class='ocrx_word' id='word_1_352' title='bbox 590 4148 815 4210; x_wconf 87' lang='lat' dir='ltr'><strong>docere</strong></span> <span class='ocrx_word' id='word_1_353' title='bbox 850 4148 1007 4209; x_wconf 89' lang='lat' dir='ltr'><strong>nihil</strong></span> <span class='ocrx_word' id='word_1_354' title='bbox 1049 4167 1182 4209; x_wconf 92' lang='lat' dir='ltr'><strong>esse</strong></span> <span class='ocrx_word' id='word_1_355' title='bbox 1223 4146 1392 4227; x_wconf 91' lang='lat' dir='ltr'><strong>quod</strong></span> <span class='ocrx_word' id='word_1_356' title='bbox 1441 4166 1570 4207; x_wconf 90' lang='lat' dir='ltr'><strong>non</strong></span> <span class='ocrx_word' id='word_1_357' title='bbox 1610 4166 1650 4208; x_wconf 87' lang='lat' dir='ltr'><strong>a</strong></span> <span class='ocrx_word' id='word_1_358' title='bbox 1703 4152 1909 4207; x_wconf 90' lang='lat' dir='ltr'><strong>mente</strong></span> <span class='ocrx_word' id='word_1_359' title='bbox 1953 4146 2235 4206; x_wconf 87' lang='lat' dir='ltr'><strong>humana</strong></span> <span class='ocrx_word' id='word_1_360' title='bbox 2274 4146 2617 4224; x_wconf 87' lang='lat' dir='ltr'><strong>excogitari</strong></span> 
     </span>
     <span class='ocr_line' id='line_1_39' title="bbox 258 4242 2613 4331; baseline -0.001 -22"><span class='ocrx_word' id='word_1_361' title='bbox 258 4248 478 4331; x_wconf 86' lang='lat' dir='ltr'><strong>possit.</strong></span> <span class='ocrx_word' id='word_1_362' title='bbox 509 4248 658 4308; x_wconf 86' lang='lat' dir='ltr'><strong>Haec</strong></span> <span class='ocrx_word' id='word_1_363' title='bbox 697 4252 790 4308; x_wconf 85' lang='lat' dir='ltr'><strong>est</strong></span> <span class='ocrx_word' id='word_1_364' title='bbox 826 4252 1107 4308; x_wconf 87' lang='lat' dir='ltr'><strong>ceterum</strong></span> <span class='ocrx_word' id='word_1_365' title='bbox 1147 4244 1375 4306; x_wconf 89' lang='lat' dir='ltr'><strong>decimi</strong></span> <span class='ocrx_word' id='word_1_366' title='bbox 1414 4244 1574 4306; x_wconf 85' lang='lat' dir='ltr'><strong>sexti</strong></span> <span class='ocrx_word' id='word_1_367' title='bbox 1613 4244 1806 4305; x_wconf 89' lang='lat' dir='ltr'><strong>seculi</strong></span> <span class='ocrx_word' id='word_1_368' title='bbox 1847 4242 2113 4317; x_wconf 77' lang='lat' dir='ltr'><strong>indoleS,</strong></span> <span class='ocrx_word' id='word_1_369' title='bbox 2151 4249 2220 4303; x_wconf 87' lang='lat' dir='ltr'><strong>ut</strong></span> <span class='ocrx_word' id='word_1_370' title='bbox 2258 4244 2613 4323; x_wconf 89' lang='lat' dir='ltr'><strong>promiscue</strong></span> 
     </span>
    </p>
   </div>
   <div class='ocr_carea' id='block_1_3' title="bbox 317 4468 2329 4617">
    <p class='ocr_par' dir='ltr' id='par_1_3' title="bbox 317 4468 2329 4617">
     <span class='ocr_line' id='line_1_40' title="bbox 317 4468 565 4521; baseline -0.004 -1"><span class='ocrx_word' id='word_1_371' title='bbox 317 4472 364 4520; x_wconf 86' lang='lat'><strong>1.</strong></span> <span class='ocrx_word' id='word_1_372' title='bbox 394 4470 454 4521; x_wconf 92' lang='lat' dir='ltr'><strong>P.</strong></span> <span class='ocrx_word' id='word_1_373' title='bbox 486 4468 565 4521; x_wconf 89' lang='lat'><strong>85.</strong></span> 
     </span>
     <span class='ocr_line' id='line_1_41' title="bbox 400 4558 2329 4617; baseline -0.008 0"><span class='ocrx_word' id='word_1_374' title='bbox 400 4562 713 4617; x_wconf 59' lang='lat' dir='ltr'><strong>Dousncns.</strong></span> <span class='ocrx_word' id='word_1_375' title='bbox 2297 4558 2329 4612; x_wconf 79' lang='lat'>7</span> 
     </span>
    </p>
   </div>
  </div>
 </body>
</html>
