3131 5145
1511 439 1832 504 ..96-

570 577 1009 640 Annuentibus
1042 596 1194 638 vero
1235 577 1531 638 omnibus
1574 583 1638 637 et
1681 574 2078 656 philosophis
2122 583 2186 637 et
2228 575 2571 654 theologie,
2615 578 2866 640 nemini

492 675 754 739 dubium
776 682 870 737 est
893 675 1047 756 quin
1069 673 1253 736 liceat
1274 681 1616 754 tyrannum
1640 673 1942 750 occidere,
1977 672 2026 734 si
2053 693 2167 753 per
2186 673 2560 735 violentiam
2585 694 2863 754 regnum

490 773 917 854 occupaverit,
953 771 1051 835 vel
1095 773 1203 834 uni
1239 773 1632 852 privatorum
1673 771 1912 852 absque
1945 770 2186 851 judicio
2216 779 2277 832 et
2305 772 2530 852 populi
2551 774 2757 853 jussu.
2795 775 2862 836 Si

493 891 644 933 vero
696 870 1099 932 haereditario
1146 869 1288 950 jure
1345 889 1611 948 regnum
1668 869 1955 930 obtineat
2015 869 2111 930 vel
2173 870 2384 930 liberis
2444 857 2856 950 popularium

495 969 826 1033 arcessitus
855 967 1191 1046 suffragiiS,
1226 973 1375 1028 tunc
1408 969 1612 1048 major
1643 965 2008 1028 adhibenda
2037 967 2398 1046 prudentia,
2441 986 2652 1048 neque
2683 988 2854 1031 com·

494 1065 869 1128 mittendum
910 1070 977 1126 ut
1017 1064 1351 1126 temerario
1388 1071 1681 1126 arceatur
1722 1082 1736 1127 ε
1782 1063 1862 1125 ad
1898 1055 2176 1126 monitus
2212 1065 2489 1144 primum
2537 1074 2601 1126 et
2646 1066 2856 1128 horta-

496 1164 697 1225 tiones
726 1164 1173 1225 recurrendum
1206 1162 1256 1222 si
1287 1181 1413 1243 qua
1444 1162 1644 1242 possit
1674 1162 1754 1222 ad
1798 1169 2038 1223 rectum
2081 1162 2331 1237 reduci;
2368 1162 2539 1242 quod
2579 1164 2634 1224 si
2673 1183 2856 1244 asper

494 1267 558 1323 et
612 1262 883 1323 invictus
940 1279 1159 1326 omnes
1212 1259 1675 1321 admonitiones
1729 1261 2179 1340 contempserit
2235 1265 2298 1321 et
2355 1261 2853 1340 proculcaverit,

496 1367 645 1421 tunc
672 1365 979 1440 potestate
1005 1359 1347 1432 exuendu5‚
1384 1365 1532 1419 tunc
1571 1359 1636 1418 in
1666 1377 1814 1420 eum
1855 1358 2014 1418 utin
2051 1358 2376 1438 publicum
2410 1359 2656 1420 hostem
2695 1361 2854 1422 arri-

496 1456 729 1538 pienda
774 1463 919 1517 sunt
966 1474 1173 1530 arma;
1218 1476 1415 1536 quum
1456 1475 1604 1517 vero
1646 1456 1884 1517 bellum
1923 1455 2229 1517 indictum
2277 1457 2381 1530 sit,
2427 1457 2504 1518 de
2545 1457 2851 1520 damnato

495 1555 875 1636 supplicium
913 1573 1160 1615 sumere
1200 1554 1461 1635 privatis
1500 1553 1866 1615 hominibus
1904 1555 2314 1636 permittitur,
2354 1554 2406 1615 si
2449 1556 2591 1634 quis
2627 1557 2852 1638 capitis

496 1650 776 1733 periculo
804 1651 1261 1732 rempublicam
1288 1651 1556 1712 liberare
1586 1653 1901 1713 statuerit.

574 1751 872 1824 Quamvis
902 1749 1176 1812 abfuerit
1195 1749 1503 1828 judicium
1536 1750 1884 1829 publicum,
1918 1757 2387 1830 conventusque
2421 1751 2518 1812 vel
2550 1749 2854 1830 legitimae

494 1849 813 1911 concionis
861 1844 1226 1921 auctoritaS,
1278 1847 1691 1909 nihilominus
1740 1847 1979 1929 populo
2029 1854 2090 1909 et
2135 1849 2281 1910 licet
2332 1856 2395 1910 et
2440 1849 2744 1911 indicitur
2787 1850 2854 1911 in

495 1954 834 2029 tyrannum
875 1965 1189 2019 corruere,
1228 1935 1543 2027 penesque
1584 1965 1728 2006 eum
1763 1965 2014 2026 semper
2051 1953 2112 2008 et
2152 1947 2385 2027 ubique
2427 1954 2672 2028 perstat
2708 1949 2854 2008 vitae

494 2045 787 2125 necisque
824 2044 959 2124 jus;
994 2063 1122 2105 non
1161 2050 1371 2104 tamen
1412 2043 1695 2124 privatus
1729 2039 2014 2124 judicare
2055 2051 2266 2124 potest
2306 2052 2518 2106 utrum
2561 2048 2856 2127 princeps

496 2151 799 2223 tyrannus
830 2143 909 2203 sit
940 2161 1171 2215 annon,
1208 2141 1694 2222 requirendique
1735 2150 1879 2203 sunt
1923 2150 1986 2203 et
2024 2143 2088 2202 in
2133 2143 2458 2204 consilium
2509 2145 2854 2206 adhibendi

496 2242 814 2320 graviores
846 2240 1101 2322 quidam
1126 2247 1187 2301 et
1217 2240 1444 2301 eruditi
1476 2240 1786 2314 homineS‚
1820 2241 1937 2301 nisi
1964 2240 2219 2320 publica
2247 2261 2370 2303 vox
2407 2243 2594 2304 adsit.
2630 2244 2853 2324 Itaque

496 2341 628 2401 sine
676 2339 807 2401 ulla
855 2340 981 2400 fere
1021 2338 1407 2400 correctione
1440 2338 1545 2418 jus
1581 2339 1906 2400 occidendi
1954 2341 2214 2419 tyranni
2253 2348 2470 2420 aperte
2515 2341 2858 2420 profitetur

495 2436 799 2511 Mariana,
839 2455 953 2498 nec
990 2443 1243 2498 tantum
1286 2455 1322 2496 a
1362 2445 1676 2497 conventu
1713 2437 1968 2516 publico
2013 2437 2271 2517 capitali
2311 2457 2504 2518 poena
2547 2441 2854 2502 condem-

496 2540 714 2597 natum
743 2553 978 2613 regem,
1012 2533 1121 2596 sed
1150 2533 1248 2595 vel
1277 2553 1315 2595 a
1344 2534 1594 2613 privato
1627 2534 1865 2615 absque
1891 2535 2130 2614 judicio
2167 2555 2399 2597 caesum
2447 2538 2850 2619 comprobat,

498 2652 612 2695 nec
642 2639 889 2694 tantum
921 2638 1361 2711 usurpatorem
1394 2633 1503 2693 sed
1533 2632 1880 2711 legitimum
1926 2653 2157 2713 regem,
2195 2653 2320 2695 non
2363 2655 2554 2714 quem
2597 2638 2853 2717 publica

497 2731 842 2794 auctoritas
879 2730 1133 2811 tyranni
1166 2731 1305 2791 loco
1341 2738 1402 2790 et
1445 2730 1646 2821 hostis
1685 2730 1920 2810 publici
1960 2731 2322 2793 habendum
2364 2736 2706 2810 censuerit,
2745 2734 2854 2798 sed

495 2849 683 2911 quem
711 2829 917 2891 nescio
949 2828 1100 2909 quid
1136 2828 1379 2889 confusi
1410 2835 1471 2888 et
1500 2828 2136 2913 indiscreti,spublica
2173 2850 2298 2892 vox
2339 2850 2569 2913 nempe
2603 2834 2852 2914 judica-

493 2930 673 2991 verit.

573 3027 671 3088 Nil
714 3025 981 3087 lucidius
1022 3032 1083 3086 et
1126 3026 1482 3106 expressius
1518 3026 1804 3087 exhiberi
1842 3033 2072 3108 potest,
2115 3046 2228 3088 nec
2273 3028 2384 3087 ulli
2428 3029 2848 3093 dubitandum

495 3143 798 3206 quorsum
848 3129 1084 3204 spectet
1132 3124 1277 3184 talis
1320 3124 1612 3185 doctrina
1655 3144 1667 3183 :
1712 3124 1970 3204 politica
2017 3127 2220 3187 caedes
2267 3128 2748 3209 comprobatur,
2791 3138 2854 3191 et

493 3243 811 3285 summum
832 3222 937 3302 jus
965 3242 1094 3284 non
1127 3222 1472 3295 universo5,
1494 3241 1626 3283 non
1651 3242 1846 3283 unum
1876 3223 2220 3303 quemlibet
2245 3244 2277 3285 e
2300 3226 2562 3304 prIvatis
2583 3227 2846 3303 civibuS,

494 3323 604 3383 sed
634 3322 889 3385 sicarios
929 3340 1120 3401 penes
1159 3340 1291 3382 esse
1331 3320 1765 3381 confirmatur.
1800 3322 2104 3383 Universa
2141 3323 2361 3385 civitas
2394 3324 2671 3387 ludibrio
2704 3346 2847 3406 pro·

488 3422 707 3502 jicitur
752 3418 995 3481 homini
1048 3419 1247 3481 cuivis
1293 3438 1460 3479 caeco
1511 3420 1722 3481 furore
1771 3419 2089 3495 instincte,
2143 3441 2250 3482 seu
2305 3403 2670 3499 Ravallaco,
2722 3426 2847 3485 sive

493 3519 729 3581 Jacobo
761 3517 1090 3591 Clementi,
1127 3518 1305 3597 cujus
1336 3536 1485 3595 ergo
1526 3517 1751 3577 insana
1791 3518 1978 3578 unius
2011 3538 2188 3602 mens
2223 3526 2284 3582 et
2313 3528 2534 3600 pectus
2565 3523 2848 3602 nequitia

492 3624 553 3677 et
582 3614 997 3677 deterioribus
1031 3614 1325 3675 adactum
1357 3615 1680 3676 effectibus
1711 3616 2078 3695 praevalebit
2117 3618 2395 3680 universi
2433 3616 2659 3701 populi
2697 3639 2844 3683 con·

488 3714 643 3775 siliis
700 3719 761 3775 et
817 3714 1080 3775 ratione.
1129 3712 1384 3774 Nullam
1447 3713 1730 3773 invenias
1788 3714 2184 3791 gubernandi
2243 3718 2542 3791 formam,
2598 3718 2840 3781 nullum

490 3812 691 3892 gentis
732 3811 1061 3893 praesidem
1108 3818 1167 3871 et
1207 3811 1457 3890 justitia
1504 3818 1568 3871 et
1605 3810 1923 3874 beneficiis
1962 3815 2392 3892 quamtumvis
2439 3818 2847 3880 commenda·

492 3918 646 3987 tum,
678 3912 742 3971 in
774 3929 960 3989 quem
994 3928 1123 3970 non
1148 3910 1500 3989 retorqueri
1531 3910 1772 3989 possint
1799 3911 2062 3971 scelesta
2090 3911 2200 3973 illa
2231 3931 2432 3975 arma.

568 4010 795 4089 Aliqua
844 4014 1056 4068 tamen
1104 4005 1429 4079 religione,
1480 4006 1533 4067 si
1576 4007 1780 4068 dicere
1831 4009 1924 4069 fas
1977 4016 2092 4088 est,
2148 4010 2473 4072 inhibetur
2519 4021 2733 4076 noster
2779 4018 2841 4075 in

488 4108 753 4188 septimo
812 4106 1110 4187 capitulo.
1165 4107 1299 4177 Qua
1346 4106 1422 4165 de
1477 4125 1542 4166 re
1596 4107 2045 4185 proferendum
2096 4116 2208 4184 est,
2259 4112 2553 4189 quamvis
2605 4132 2842 4193 magna

488 4206 640 4267 insit
669 4213 730 4267 et
760 4203 1143 4283 stupendiet
1180 4203 1504 4264 deridendi
1542 4222 1753 4279 causa,
1787 4205 1895 4267 sed
1927 4208 2128 4285 magis
2169 4208 2436 4269 forsitan
2475 4230 2672 4291 quam
2705 4202 2841 4292 i'psa

486 4302 772 4364 doctrina
812 4303 1203 4363 demonstrat
1246 4321 1437 4382 quam
1486 4303 1696 4381 pravis
1749 4302 1990 4365 artibus
2039 4314 2100 4366 et
2149 4308 2474 4386 conceptis
2522 4308 2838 4371 obnoxius

486 4400 671 4461 fuerit
702 4400 956 4459 insanus
995 4418 1211 4460 eorum
1245 4399 1579 4461 hominum
1621 4401 1888 4461 animus,
1925 4402 2036 4463 Ille
2076 4403 2242 4464 idem
2282 4404 2389 4485 qui
2432 4425 2510 4467 ex
2552 4408 2836 4486 professo
