3131 5145
1317 459 1640 524 ...89-

383 593 481 656 Ab
508 591 832 655 Henoticis
858 592 989 654 sive
1021 593 1347 656 catholicis
1374 613 1579 671 sacro,
1612 600 1683 654 ut
1712 594 1989 668 aiebant,
2021 593 2275 656 vinculo
2304 595 2656 675 conjunctis

302 692 460 753 inita
484 698 624 753 erat
650 691 715 752 in
748 691 986 769 regiam
1010 692 1449 754 auctoritatem
1472 692 1755 767 rebellio,
1781 692 2099 774 etiamque
2123 693 2190 753 in
2215 693 2410 755 vitam
2432 713 2652 774 regum

304 797 671 872 perpetrata
708 791 1015 853 facinora.
1049 790 1349 873 Improba
1378 799 1441 853 et
1464 792 1739 853 deterior
1773 792 2085 870 doctrina,
2119 811 2262 871 quae
2298 793 2376 854 ad
2409 799 2654 872 pertur-

308 889 550 950 bandas
600 908 697 950 res
746 889 1029 968 publicas
1072 896 1339 966 spectat,
1386 907 1718 970 nunquam
1769 896 1900 950 tam
1953 890 2076 952 cito
2125 889 2415 952 aboletur
2459 910 2654 972 quam

306 1005 500 1048 causa
526 1006 605 1048 ex
628 1005 757 1068 qua
786 993 927 1048 orta
956 994 1079 1060 est3
1112 988 1218 1049 sed
1249 987 1315 1048 in
1348 993 1591 1049 mentes
1632 988 1880 1048 vitiatas
1915 988 2170 1050 altiores
2206 988 2386 1069 quasi
2423 989 2656 1068 ingerit

307 1087 570 1160 radices»,
605 1085 1005 1166 nefariosque
1030 1085 1160 1147 edit
1186 1086 1493 1147 scelerum
1524 1093 1886 1166 proventus.
1923 1085 2289 1147 Rebellandi
2307 1087 2415 1166 jus
2445 1087 2651 1166 primo

307 1184 386 1246 ad
417 1185 753 1244 favendum
788 1183 1098 1245 Guisianis
1128 1183 1579 1245 ambitionibus
1609 1184 1928 1262 prolatum
1959 1190 2072 1257 est,
2104 1201 2178 1244 ac
2203 1189 2346 1264 post
2375 1184 2657 1248 sublatos

308 1282 551 1344 Guisios
594 1282 1093 1363 conspirationes
1138 1282 1351 1343 Bironi
1398 1283 1798 1363 aliorumque
1835 1301 2170 1362 procerum
2205 1283 2520 1344 excitavit.
2560 1285 2655 1346 'Ex

306 1380 582 1442 nefanda
638 1379 749 1441 illa
799 1379 1081 1458 regicidii
1126 1379 1435 1453 doctrina,
1486 1381 1588 1442 cui
1631 1380 2013 1442 occubuerat
2059 1380 2361 1442 Henricus
2411 1380 2654 1455 tertiuS,

306 1479 487 1559 quasi
516 1497 551 1540 e
580 1479 773 1558 stirpe
804 1478 1027 1539 deduci
1052 1477 1322 1540 debebat
1346 1479 1656 1559 perlonga
1680 1479 1984 1540 scelerum
2014 1479 2083 1539 in
2111 1479 2447 1540 Henricum
2476 1498 2662 1561 quar-

306 1583 442 1638 tum
482 1579 693 1638 series.
738 1579 942 1650 Quum
976 1577 1347 1639 sicariorum
1388 1584 1631 1640 mentes
1668 1576 1856 1638 caedis
1891 1577 2370 1657 instigatoribus
2408 1584 2656 1639 tantum

307 1675 700 1748 inservirent,
734 1693 867 1735 sese
900 1693 979 1735 ex
1016 1674 1391 1736 auctoritate
1430 1681 1492 1735 et
1529 1673 1866 1754 disciplina
1910 1674 2360 1754 magistrorum
2407 1675 2660 1737 civitate

306 1779 369 1834 et
400 1773 705 1852 religione
730 1771 1161 1834 institutorum
1186 1780 1576 1834 exemerunt.
1597 1773 1693 1832 Ad
1717 1780 2001 1833 extrema
2025 1773 2282 1834 demum
2307 1779 2371 1834 et.
2395 1773 2651 1836 modum

304 1871 675 1932 excedentia
715 1889 927 1950 pravae
966 1871 1307 1949 religiones
1344 1878 1407 1932 et
1444 1889 1649 1934 caecus
1687 1870 1864 1930 furor
1901 1869 2257 1950 subripiunt
2303 1871 2658 1933 necessario

306 1974 551 2029 mentes
596 1975 661 2029 et
704 1968 1015 2048 perversis
1067 1968 1418 2031 rationibus
1465 1969 1842 2048 depravatas
1890 1975 1951 2029 et
2002 1968 2198 2028 nimia
2246 1987 2453 2030 rerum
2507 1967 2664 2049 poli·

308 2068 577 2128 ticarum
610 2066 868 2129 libidine
898 2054 1233 2129 ferventeS.

387 2164 551 2226 Illud
590 2183 739 2225 sane
779 2165 1138 2225 mirandum
1170 2164 1337 2244 quod
1368 2165 1610 2224 sicariis
1648 2173 1780 2224 tum
1821 2164 2094 2225 maxime
2128 2163 2440 2224 obnoxius
2474 2162 2662 2224 fuerit

310 2263 616 2324 Henricus
664 2269 951 2343 quartuS,
1001 2271 1337 2343 postquam
1389 2261 1454 2322 in
1500 2262 1774 2340 gratiam
1827 2281 1972 2322 cum
2027 2265 2311 2323 Romano
2367 2261 2664 2341 pontifice

310 2361 617 2437 rediisset,
648 2380 815 2422 anno
848 2363 1026 2423 1595.
1058 2363 1151 2422 Ex
1182 2359 1409 2441 quibus
1443 2360 1495 2421 si
1534 2360 1796 2421 nomina
1827 2360 2034 2420 minus
2065 2359 2298 2420 indicio
2327 2359 2521 2437 digna
2549 2377 2664 2419 ne-

309 2461 599 2539 glexeriS,
630 2461 871 2540 primus
911 2459 1124 2540 prodit
1160 2478 1329 2520 anno
1368 2459 1525 2521 1596
1563 2460 1840 2520 Joannes
1879 2457 2119 2532 Gued0,
2154 2457 2504 2519 causidicus
2539 2458 2664 2518 An·

310 2559 712 2639 degavensis;
744 2578 929 2640 quem
960 2558 1187 2621 deinde
1214 2557 1498 2639 sequitur
1527 2577 1698 2620 anno
1739 2559 1894 2619 1597
1929 2556 2372 2639 polymitarius
2402 2555 2661 2636 quidam

311 2658 537 2719 artifex
569 2658 958 2737 ParisiensiS,
985 2657 1092 2736 qui
1123 2657 1662 2736 praenuntiaverat
1688 2657 1741 2717 si
1771 2655 2076 2717 Castellus
2105 2656 2170 2715 in
2205 2673 2436 2716 vanum
2467 2654 2661 2719 ictum

308 2756 655 2830 effudisset,
679 2775 813 2817 sese
838 2774 973 2816 rem
998 2756 1458 2835 perfecturum3
1482 2762 1545 2815 et
1564 2762 1786 2833 postea
1809 2754 2158 2814 monachus
2178 2754 2401 2815 Petrus
2418 2752 2666 2812 Audoe·

309 2874 427 2915 nus
456 2855 793 2932 instigatus
821 2872 859 2915 a
889 2855 1166 2933 quodam
1210 2852 1547 2933 Hispanico
1593 2851 1910 2929 ministro,
1945 2858 2008 2911 et
2047 2850 2404 2912 Ridicovius
2439 2868 2664 2910 mona·

308 2953 465 3014 chus
510 2952 672 3013 alter
706 2952 1101 3013 Dominicani
1138 2950 1377 3013 ordinis
1412 2952 1574 3011 sicut
1610 2949 1884 3011 Jacobus
1929 2948 2238 3021 ClemenS,
2283 2946 2662 3027 paribusque

308 3049 613 3111 doctrinis
642 3048 945 3122 imbutus,
980 3055 1043 3111 et
1074 3049 1265 3111 ceteri
1305 3066 1525 3109 omnes
1563 3046 1672 3127 qui
1708 3046 1892 3108 tertia
1930 3046 2028 3107 die
2064 3044 2283 3126 aprilis
2307 3063 2474 3105 anno
2505 3046 2660 3127 1599

306 3166 607 3228 supremo
636 3148 945 3228 supplicio
977 3147 1186 3209 affecti
1216 3152 1386 3209 sunt.

386 3246 640 3308 Jesuitae
686 3246 816 3326 qui,
871 3252 1013 3325 post
1065 3245 1317 3306 Castelli
1372 3245 1640 3319 facinus,
1701 3243 1948 3324 expulsi
1993 3249 2174 3303 erant
2213 3260 2290 3302 ex
2338 3239 2662 3320 provincia

313 3347 579 3407 Senatus
607 3343 975 3405 Parisiensis
1012 3351 1075 3406 et
1109 3345 1237 3404 fere
1266 3363 1343 3404 ex
1374 3348 1508 3404 tota
1538 3341 1760 3417 Gallia,
1797 3341 1877 3403 ab
1911 3341 2177 3401 Henrico
2209 3338 2480 3399 restituti
2514 3344 2662 3399 sunt

310 3462 481 3504 anno
513 3444 699 3516 16033
734 3449 797 3504 et
826 3441 907 3504 ab
932 3441 1051 3503 hoc
1082 3448 1367 3522 tempore
1396 3459 1595 3520 usque
1628 3440 1707 3500 ad
1738 3438 2062 3499 sublatum
2092 3455 2306 3515 regem
2340 3434 2661 3496 Ravallaci

310 3541 546 3619 gladi0,
582 3540 644 3602 id
674 3546 769 3602 est
788 3540 956 3601 intra
980 3559 1088 3601 sex
1114 3558 1313 3600 annos
1330 3539 1507 3619 regni
1528 3544 1868 3609 extremos,
1897 3536 2054 3596 nihil
2083 3536 2145 3595 in
2173 3554 2318 3597 eum
2345 3538 2660 3594 tentatum

310 3646 427 3712 est,
472 3639 523 3699 si
566 3640 775 3700 minus
810 3639 1059 3701 Jesuitis
1097 3637 1604 3699 dissuadentibus
1647 3642 1712 3697 at
1749 3642 1918 3697 certe
1962 3636 2134 3716 quod
2182 3632 2446 3693 rudibus
2487 3631 2661 3709 vulgi

312 3737 541 3799 animis
569 3755 687 3818 pro
728 3743 869 3799 rato
905 3744 969 3798 et
1008 3743 1179 3798 certo
1222 3736 1560 3797 haberetur
1600 3754 1824 3797 sanam
1874 3733 2036 3811 regis
2073 3737 2138 3793 et
2173 3737 2414 3792 rectam
2469 3730 2659 3791 fidem

313 3836 571 3916 probari
604 3835 1012 3898 reconciliata
1038 3837 1172 3915 ejus
1197 3854 1339 3895 cum
1367 3834 1624 3897 Jesuitis
1653 3832 1880 3911 gratia.

390 3935 669 3996 Libellus
690 3934 787 3995 his
806 3934 1198 4015 temporibus
1218 3932 1420 3995 editus
1441 3933 1630 4012 plane
1655 3932 1952 4012 exprimit
1977 3929 2130 4009 quid
2159 3935 2310 3989 tunc
2336 3932 2662 3987 censerent

312 4034 604 4095 catholici
635 4033 983 4095 acrioribus
1012 4032 1235 4094 studiis
1260 4031 1610 4113 depravati,
1639 4031 1748 4111 qui
1774 4029 2092 4107 negabant
2112 4028 2454 4087 Henricum
2475 4043 2666 4105 quar-

312 4138 446 4193 tum
470 4139 537 4193 ut
562 4152 777 4210 regem
798 4132 1151 4210 legitimum
1178 4152 1241 4193 se
1264 4131 1596 4192 h'abituros
1621 4128 1718 4191 vel
1746 4135 1889 4208 post
1919 4143 2290 4189 conversam
2321 4123 2538 4201 fldem,
2561 4122 2662 4185 cui

310 4230 674 4293 inscribitur
707 4253 719 4291 :
755 4232 802 4292 A
812 4231 1051 4313 poloqie
1076 4250 1244 4312 pour
1272 4229 1473 4291 delean
1509 4226 1762 4290 Chastel
1797 4225 2103 4302 Parisien,
2137 4227 2381 4284 emecute
2411 4222 2450 4281 ἀ
2481 4229 2660 4295 mort,

310 4338 369 4389 et
406 4348 576 4410 pom·
618 4328 707 4390 les
750 4336 929 4411 peres
972 4337 1029 4389 et
1066 4327 1423 4389 escholliers
1472 4327 1545 4388 de
1595 4327 1655 4387 la
1702 4324 1948 4386 Socie'te
1993 4322 2066 4384 de
2103 4320 2277 4381 lesus
2317 4319 2531 4379 bannis
2579 4318 2662 4379 du

312 4446 609 4509 royaume
639 4426 713 4489 de
745 4424 1011 4501 France,
1048 4445 1170 4507 par
1206 4425 1503 4501 Francot‘s
1540 4424 1614 4485 de
1667 4421 1892 4484 Verane
1927 4417 2320 4483 Constantia.
2354 4418 2424 4477 In
2459 4414 2663 4475 lucem
