3131 5145
1475 449 1797 512 -22-

459 583 709 662 penitus
755 582 961 656 novit,
1011 588 1080 643 ut
1127 584 1216 644 ait
1259 582 1590 664 Macaulay
1637 584 1703 644 in
1752 583 2142 644 Machiavelli
2186 579 2625 660 descriptione,
2660 597 2810 640 sane

459 699 824 759 persuasum
885 680 1079 741 habet
1133 680 1288 746 nihil
1347 699 1480 742 esse
1541 681 1765 742 vanius
1834 699 2028 760 quam
2084 679 2255 761 quod
2324 678 2387 737 in
2441 677 2805 738 universum

447 784 734 857 spectet3
796 778 905 838 sed
953 777 1346 838 Machiavelli
1395 785 1718 859 praecepta
1764 777 1953 857 longe
2002 778 2183 839 aliter
2236 794 2367 837 sese
2431 774 2689 851 habent,
2750 778 2812 833 et

447 875 645 936 credo
699 893 842 937 vere
901 876 1337 936 consentaneis
1386 895 1462 936 ea
1524 875 1693 936 affici
1752 875 2046 936 laudibus
2098 874 2150 934 si
2210 873 2566 934 habeantur
2623 871 2809 951 plane

459 973 636 1034 utilia
659 973 723 1033 in
752 973 1065 1054 plerisque
1097 973 1282 1034 rebus
1314 973 1457 1034 vitae
1488 980 1550 1034 et
1583 993 1750 1036 usus,

539 1071 850 1151 Quidquid
865 1070 927 1130 id
949 1077 1064 1144 est,
1086 1089 1210 1131 non
1234 1071 1296 1131 in
1323 1073 1526 1150 majus
1551 1070 1999 1150 proferendum
2024 1076 2119 1132 est
2140 1088 2266 1150 qua
2285 1069 2344 1129 vi
2366 1066 2811 1129 Machiavellus

347 1225 352 1232 .
460 1167 590 1228 suis
619 1169 922 1230 doctrinis
952 1169 1194 1229 decimo
1236 1174 1413 1230 sexto
1453 1169 1665 1230 seculo
1694 1169 2027 1229 hominum
2060 1175 2301 1228 mentes
2330 1167 2394 1226 in
2425 1164 2629 1227 Gallia
2654 1171 2717 1226 et
2746 1165 2809 1224 in

457 1267 712 1346 Europa
739 1266 1085 1352 impulerit.
1119 1266 1268 1345 Ejus
1299 1267 1460 1327 ratio
1492 1267 1939 1346 negationibus
1968 1272 2215 1327 tantum
2243 1264 2406 1325 fulta
2435 1263 2595 1323 nihil
2620 1263 2805 1343 sapit,

459 1363 615 1424 nihil
659 1363 823 1425 valet
863 1365 980 1425 nisi
1023 1364 1106 1426 ad
1145 1366 1513 1427 evertendas
1549 1366 1738 1426 medii
1774 1366 1893 1427 aevi
1932 1366 2227 1426 rationes
2268 1364 2455 1425 Nulla
2488 1363 2810 1440 religionis

447 1479 783 1522 morumve
813 1462 949 1540 lege
989 1469 1258 1535 tenetur,
1296 1468 1365 1523 ut
1403 1482 1597 1543 supra
1638 1463 2181 1538 confirmavimus3
2216 1462 2295 1524 ad
2340 1481 2522 1522 usum
2562 1466 2807 1521 tantum

401 1633 408 1642 ¹
444 1563 518 1620 et
550 1559 986 1639 experimenta
1029 1560 1422 1640 disciplinam
1461 1561 1730 1623 intendit
1772 1560 1951 1621 humi
1991 1561 2299 1622 demissus
2334 1565 2396 1620 et
2434 1577 2691 1620 aversus
2726 1559 2808 1619 ab

457 1655 715 1716 excelsis
742 1655 969 1724 mentis
998 1657 1343 1718 affectibus,

532 1752 649 1812 Vix
698 1752 1117 1814 subodoratus
1169 1761 1260 1815 est
1308 1754 1675 1816 recentioris
1732 1755 1939 1817 aetatis
1992 1754 2270 1816 vividam
2335 1753 2806 1815 dimicationem

453 1850 618 1910 inter
643 1851 856 1928 regale
887 1851 1218 1932 imperium
1261 1857 1323 1913 et
1364 1853 1736 1932 popularem
1774 1853 2155 1928 libertatem.
2187 1855 2275 1914 De
2311 1852 2601 1913 libertate
2630 1869 2808 1912 more

451 1954 756 2022 veterum,
797 1967 926 2008 non
973 1949 1133 2008 sicut
1175 1948 1369 2010 homo
1423 1950 1790 2029 posterioris
1838 1952 1978 2025 aevi,
2018 1950 2295 2021 disserit;
2339 1968 2453 2010 nec
2503 1947 2809 2029 praevidet

451 2063 626 2106 acres
660 2045 1092 2106 contentiones
1121 2065 1263 2126 quae
1289 2046 1556 2126 jamjam
1589 2055 1823 2109 orturae
1854 2054 2002 2109 sunt
2042 2048 2209 2108 inter
2238 2047 2509 2127 populos
2538 2051 2602 2107 et
2629 2046 2809 2126 prin-

451 2143 650 2222 cipes;
693 2161 806 2205 nec
847 2143 923 2203 de
961 2143 1104 2222 jure
1151 2143 1434 2225 utrisque
1481 2146 1741 2226 proprio
1794 2146 2181 2208 mentionem
2231 2145 2347 2205 init
2395 2144 2494 2206 vel
2550 2149 2807 2205 contro-

450 2240 743 2301 versiam.
785 2243 922 2302 Non
969 2241 1154 2320 longe
1208 2248 1422 2303 tamen
1477 2242 1699 2305 aberat
1755 2251 2026 2324 tempuS‚
2075 2263 2203 2325 quo
2255 2243 2639 2324 quaestiones
2681 2241 2807 2303 illae

449 2356 711 2398 summae
742 2339 969 2417 agitari
1005 2339 1308 2400 deberent
1340 2347 1402 2401 et
1432 2342 1813 2403 conturbare
1865 2343 2209 2421 Europam,
2244 2340 2639 2420 Galliamque
2678 2341 2806 2400 sin-

451 2434 785 2514 gulariter3
817 2437 1282 2517 praeclusosque
1315 2439 1625 2518 imprimis
1649 2439 1876 2500 habuit
1906 2439 2124 2501 oculos
2154 2438 2616 2520 perturbationi
2645 2436 2738 2497 illi
2770 2456 2807 2496 a

452 2530 752 2611 religione
800 2539 968 2594 natae
1022 2553 1162 2614 quae
1203 2535 1448 2597 animos
1489 2543 1857 2618 permotura
1895 2544 2159 2600 esset·et
2196 2537 2465 2617 speeiem
2515 2535 2686 2598 orbis
2726 2535 2806 2596 ab

449 2630 694 2709 integro
727 2630 1036 2701 refectura
1067 2644 1112 2695 ¹.

520 2825 564 2875 1..
593 2823 726 2874 Vide
757 2825 812 2877 P.
837 2744 1084 2887 Janetrt.
1116 2828 1181 2889 11,
1212 2842 1262 2891 p.
1297 2830 1404 2878 121.
