3131 5145
1549 461 1831 523 ..4-

933 597 999 650 In
1029 595 1203 667 myrti
1229 611 1396 651 ramo
1428 595 1691 668 gladium
1722 595 1909 650 feram

943 676 1102 732 Sicut
1134 674 1478 732 Harmodius
1507 675 2004 749 Aristogitonque,

933 756 1196 813 Minervae
1224 773 1406 827 quum
1435 755 1494 810 in
1527 755 1821 810 sacrificiis

934 837 1127 891 Virum
1158 841 1468 907 tyrannum
1495 835 1885 908 Hipparchum
1912 834 2261 892 occiderunt.

936 970 1179 1042 Semper
1205 974 1396 1025 vester
1425 968 1609 1024 honos
1634 968 1695 1024 in
1724 972 1882 1024 terra
1910 968 2160 1035 durabit,

937 1050 1238 1106 Carissime
1269 1048 1581 1105 Harmodie
1612 1055 1670 1105 et
1696 1047 2080 1120 Aristogiton3

937 1129 1103 1194 Quod
1131 1134 1443 1202 tyrannum
1471 1129 1797 1197 sustulistis»,

937 1211 1286 1282 Liberasque
1312 1209 1665 1281 praestitistis
1688 1209 1963 1264 Athenas.

583 1376 868 1438 Artifices
932 1395 1184 1458 quoque
1237 1377 1318 1437 ad
1376 1375 1837 1438 consecrandas
1898 1375 2225 1438 Harmodii
2285 1365 2862 1459 A'ristogitonisque

505 1473 719 1536 laudes
777 1472 1045 1533 adhibiti
1097 1479 1264 1534 sunt.
1319 1475 1388 1534 ln
1441 1473 1651 1534 media
1703 1473 1872 1533 enim
1928 1475 2137 1552 Agora
2201 1479 2429 1535 stetere
2481 1474 2860 1536 eximiorum

495 1574 802 1651 juvenum
851 1571 1159 1650 imagines
1200 1571 1369 1651 apud
1418 1577 1717 1649 suggesta
1758 1589 1836 1632 ex
1884 1571 2109 1651 quibus
2155 1578 2439 1633 oratores
2478 1571 2554 1634 de
2594 1574 2862 1634 summis

502 1667 864 1749 reipublicae
890 1666 1078 1728 rebus
1106 1668 1518 1730 disserebant.
1553 1667 1722 1729 Illud
1748 1667 2005 1748 quidem
2033 1668 2373 1730 notabilius
2402 1670 2574 1749 quod
2600 1689 2675 1731 ea
2702 1677 2860 1732 tem-

499 1772 740 1846 pestate
799 1765 1296 1845 haudquaquam
1356 1785 1575 1826 omnes
1630 1771 1866 1826 temere
1924 1763 2036 1826 tali
2092 1767 2356 1845 praemio
2414 1766 2861 1830 afficiebantur

479 1857 879 1945 'quicumque
937 1863 1014 1924 de
1072 1863 1323 1924 civitate
1379 1863 1540 1924 bene
1594 1862 1999 1938 meruissent3
2054 1862 2161 1924 sed
2216 1864 2397 1944 quasi
2451 1865 2532 1925 ad
2588 1865 2854 1926 deorum

496 1980 830 2023 numerum
865 1961 1340 2022 adscribebatur
1369 1961 1420 2020 si
1446 1960 1587 2040 quis
1614 1962 1690 2022 ad
1721 1979 2061 2041 perennem
2093 1962 2462 2023 memoriam
2493 1981 2855 2026 marmoreo

494 2061 673 2139 signo
704 2061 1296 2122 commendaretur:
1335 2059 1443 2139 qui
1473 2059 1680 2120 honos
1723 2057 1802 2119 ab
1844 2058 2021 2119 initio
2063 2060 2231 2140 apud
2273 2059 2687 2121 Athenienses
2725 2061 2855 2123 Diis

493 2163 740 2218 tantum
778 2163 839 2217 et
881 2155 1150 2217 heroicis
1187 2154 1335 2216 viris
1378 2174 1732 2217 concessuS.
1762 2155 1957 2215 Primi
2008 2156 2205 2230 fuere,
2252 2156 2462 2234 credo,
2504 2155 2852 2236 Hipparchi

491 2255 928 2338 interfectores
970 2253 1076 2334 qui
1117 2271 1192 2314 ea
1238 2253 1376 2332 lege
1421 2253 1610 2315 soluti
1656 2252 1892 2312 fuerint
1939 2271 2053 2331 per
2098 2253 2417 2332 singulare
2457 2252 2879 2335 exemplum»

573 2354 772 2424 Quam
815 2371 948 2412 rem
989 2370 1116 2412 non
1156 2357 1253 2412 est
1292 2353 1459 2431 quod
1511 2368 1899 2430 magnopere
1950 2350 2214 2424 mireris,
2254 2353 2304 2411 si
2352 2351 2573 2432 quales
2615 2353 2851 2414 fuerint

489 2449 726 2530 publici
781 2448 1258 2510 Atheniensium
1313 2467 1520 2510 mores
1585 2447 1930 2509 attenderis
1984 2467 1997 2509 ε
2058 2448 2415 2510 libertatem
2470 2449 2637 2511 enim
2698 2457 2847 2511 ante

489 2547 703 2610 omnia
752 2545 1044 2609 colebant
1088 2553 1149 2608 et
1198 2551 1501 2628 tyrannos
1544 2544 1931 2608 vividissimo
1983 2546 2127 2608 odio
2177 2545 2672 2609 insectabantur.
2720 2549 2848 2611 Po-

487 2645 706 2727 pulare
746 2644 1080 2724 imperium
1118 2649 1182 2703 et
1219 2660 1470 2724 aequum
1511 2644 1575 2703 in
1615 2643 1867 2704 civitate
1894 2644 2000 2723 jus
2039 2644 2150 2704 tali
2194 2664 2409 2706 amore
2444 2644 2745 2707 fovebant
2777 2654 2847 2707 ut

487 2746 840 2825 inspectum
881 2750 942 2803 et
979 2743 1276 2803 infestum
1329 2742 1638 2803 haberent
1681 2741 1983 2802 eximium
2030 2762 2345 2823 quemque
2385 2762 2576 2824 supra
2618 2744 2847 2822 vulgus

485 2843 866 2905 eminentem
899 2860 970 2902 ac
1012 2840 1293 2922 pericula
1331 2840 1410 2901 ab
1455 2839 1808 2919 insignibus
1852 2839 2001 2900 viris
2044 2841 2442 2901 imminentia
2484 2847 2844 2904 averterent

485 2939 794 3020 exquisita
822 2939 934 3001 illa
959 2946 1019 3000 et
1048 2938 1312 2999 salutari
1343 2937 1693 2999 ostracismi
1725 2956 1941 3017 poena,
1976 2936 2211 2998 scilicet
2241 2938 2483 3000 exsilio.

562 3038 734 3098 Adeo
791 3036 1091 3114 vigebant
1141 3036 1450 3096 libertatis
1497 3054 1679 3096 amor
1736 3040 1799 3097 et
1853 3041 2266 3115 tyrannorum
2326 3036 2540 3097 odium
2592 3036 2718 3098 alte
2771 3038 2837 3098 in

484 3135 717 3196 civium
761 3134 972 3194 animo
1019 3133 1225 3193 defixa
1270 3139 1336 3193 ut
1388 3133 1611 3194 eadem
1652 3132 2157 3213 deprehenderes
2202 3139 2263 3195 et
2308 3133 2369 3193 in
2421 3133 2842 3215 philosopho-

484 3251 621 3292 rum
654 3229 924 3311 scriptiS,
957 3248 1177 3292 eorum
1217 3229 1535 3310 praecipue
1580 3229 1688 3309 qui
1732 3230 2006 3291 Socratis
2047 3229 2395 3292 doctrinam
2443 3230 2695 3311 penitus
2732 3251 2835 3293 se-

483 3334 792 3410 quuntur.

511 3431 519 3441 '
561 3427 934 3507 Xenophon,
967 3427 1031 3487 in
1059 3444 1254 3507 parvo
1287 3425 1539 3504 dialogo
1572 3424 1673 3486 cui
1713 3424 2077 3487 inscribitur
2115 3422 2335 3502 HierO,
2367 3426 2432 3486 in
2461 3445 2588 3507 quo
2630 3428 2841 3491 Simo·

483 3525 693 3586 nidem
746 3531 999 3604 poetam
1050 3524 1290 3586 inducit
1339 3543 1481 3584 cum
1527 3524 1925 3604 Syracusano
1981 3530 2251 3604 tyranno
2293 3522 2834 3605 confabulantem,

483 3620 651 3682 haud
692 3621 883 3683 semel
918 3622 1250 3701 profitetur
1288 3620 1415 3680 vim
1459 3639 1591 3681 esse
1634 3618 1699 3679 in
1746 3625 2047 3700 tyrannos
2088 3620 2511 3682 adhibendam
2559 3638 2573 3682 z
2620 3646 2649 3678 «
2696 3624 2837 3684 Non

481 3720 709 3794 solum,
745 3719 833 3779 ait
862 3721 909 3797 ¹,
942 3718 1224 3779 civitates
1255 3736 1486 3780 caesum
1519 3724 1862 3798 tyrannum
1894 3737 2020 3778 non
2052 3718 2459 3793 ulciscuntur,
2494 3720 2600 3779 scd
2640 3720 2831 3781 etiam

483 3816 911 3897 tyrannicidas
955 3816 1216 3876 summis
1263 3815 1548 3876 afficiunt
1596 3814 1975 3889 honoribus;
2031 3834 2159 3877 non
2203 3816 2407 3878 solum
2449 3836 2578 3877 non
2618 3823 2837 3879 arcent

480 3916 672 3976 sacris
697 3920 766 3975 ut
797 3913 1024 3995 privati
1055 3913 1205 3975 clvis
1234 3914 1686 3987 interfectore5‚
1720 3913 1826 3975 sed
1874 3914 1937 3974 in
1978 3913 2229 3994 templis
2267 3914 2573 3992 imagines
2612 3933 2831 3977 eorum

481 4013 775 4074 dedicant
813 4012 894 4073 ad
929 4011 1252 4091 egregium
1286 4011 1526 4071 facinus
1557 4011 1883 4071 memoriae
1921 4011 2519 4075 commendandum.
2557 4036 2591 4089 3>

559 4112 714 4171 Item
741 4116 803 4171 et
831 4110 1033 4189 Plato,
1067 4108 1476 4171 institutionis
1513 4110 1847 4170 Socraticae
1881 4101 2175 4169 alumnus
2202 4114 2265 4170 et
2306 4109 2637 4189 interpreS,
2670 4108 2834 4172 invi-

480 4207 646 4267 diam
691 4208 754 4267 in
795 4214 1094 4287 tyrannos
1133 4206 1426 4287 explicat.
1462 4208 1697 4286 Nempe
1736 4205 1852 4268 sub
1892 4213 2238 4268 extremam
2282 4204 2526 4287 Gorqi'ae
2555 4212 2834 4287 partem‚

544 4422 586 4469 l.
622 4420 793 4483 Caput
821 4434 890 4469 xv.
