3131 5145
1509 433 1827 499 ..80-

566 573 739 631 Tunc
770 587 901 649 prae
932 587 997 629 se
1027 566 1269 644 profert
1306 565 1589 629 historiae
1629 569 1913 647 profanae
1955 569 2248 649 exempla
2281 570 2358 631 de
2393 569 2516 631 hac
2557 572 2844 651 tyranni-

486 668 631 731 cidii
660 666 1007 748 quaestione
1052 686 1065 725 ε
1112 683 1195 725 an
1236 670 1578 745 tyrannum
1619 664 1806 727 liceat
1850 666 2156 727 occidere.
2199 691 2228 723 «
2265 670 2362 728 An
2405 674 2628 739 autem,
2656 668 2842 731 liceat

487 765 793 839 occidere,
829 762 1034 843 majus
1063 762 1365 842 quiddam
1407 769 1469 823 et
1509 762 1764 840 gravius
1803 768 1925 825 est.
1977 765 2159 836 Quod
2201 764 2428 825 mirum
2467 771 2564 826 est
2603 772 2839 844 tamen,

487 882 680 944 quum
740 880 1043 939 magnum
1098 860 1476 921 affirmando
1521 879 1896 921 consensum
1942 861 2194 934 habeat,
2245 880 2375 923 non
2424 863 2840 943 profanorum

487 961 831 1022 authorum
856 964 1127 1034 tantum,
1162 977 1379 1017 verum
1408 957 1598 1017 etiam
1629 964 1692 1019 et
1716 964 2102 1019 nostrorum.
2139 983 2168 1014 »

565 1057 717 1117 Post
755 1055 913 1132 haec,
962 1054 1041 1115 ad
1088 1054 1315 1114 intima
1372 1054 1463 1113 rei
1510 1054 1852 1134 propositae
1903 1054 2154 1116 devenit
2204 1072 2220 1115 ε
2275 1078 2308 1112 «
2352 1054 2692 1135 Triplicem
2745 1056 2844 1118 hic

489 1152 955 1216 distinctionem
1003 1150 1664 1229 theologiadhibent.
1718 1153 1995 1213 Primam
2047 1152 2324 1233 tyranni,
2371 1152 2538 1233 quod
2587 1153 2696 1214 ille
2745 1153 2841 1215 vel

487 1254 743 1314 invasor
783 1253 862 1311 sit
908 1250 1127 1329 injusti
1173 1249 1558 1323 dominatuS‚
1606 1249 1706 1310 vel
1752 1256 2088 1329 potestate,
2139 1268 2332 1331 quam
2367 1252 2536 1329 juste
2575 1251 2842 1331 adeptus

487 1357 600 1425 est,
634 1349 954 1410 abutatur.
989 1347 1267 1407 Alteram
1300 1352 1612 1427 potestate
1639 1346 1751 1408 illa
1780 1347 2116 1422 abutentiS‚
2151 1348 2300 1428 quia
2331 1348 2429 1408 vel
2464 1348 2530 1407 in
2559 1348 2841 1429 privatos

487 1453 735 1510 tantum
761 1446 1028 1525 injurius
1069 1446 1173 1523 sit,
1210 1443 1306 1505 vel
1348 1443 1515 1505 bono
1561 1445 1751 1505 etiam
1797 1446 2140 1519 communi,
2182 1445 2512 1523 religionis
2550 1446 2842 1508 videlicet

487 1565 561 1607 ac
598 1544 988 1625 Reipublicae
1028 1543 1418 1617 adversetur,
1463 1549 1526 1603 et
1564 1542 1890 1623 utriusque
1924 1563 1989 1605 se
2039 1544 2286 1605 hostem
2330 1543 2650 1606 exhibeat.
2688 1545 2838 1605 Ter-

489 1643 647 1703 tiam
696 1642 1025 1721 potestatis
1074 1640 1419 1712 occidendi,
1474 1640 1642 1721 quod
1688 1660 1764 1702 ea
1812 1642 1911 1703 vel
1963 1642 2218 1720 publica
2263 1642 2366 1717 sit,
2415 1642 2513 1703 vel
2563 1642 2834 1723 privata.

487 1743 691 1820 Atque
720 1738 831 1817 ita,
866 1744 935 1799 ut
964 1737 1267 1817 injustum
1302 1737 1663 1798 invasorem
1705 1744 1968 1818 utraque
2007 1739 2369 1813 autoritate,
2403 1757 2547 1799 cum
2587 1739 2842 1818 publica

488 1845 621 1899 tum
666 1837 937 1916 privata,
977 1835 1178 1897 occidi
1218 1855 1400 1916 posse
1440 1835 1635 1896 velint
1679 1857 1690 1894 :
1739 1836 1848 1915 qui
1891 1856 2039 1897 vero
2087 1836 2415 1897 dominatu
2455 1836 2521 1897 in
2560 1836 2842 1915 privatos

488 1936 787 2011 abutitur,
834 1932 1088 2013 publica
1122 1939 1396 2007 tantum,
1440 1952 1568 1994 non
1611 1934 1799 2012 ctiam
1837 1934 2088 2012 privata
2133 1953 2146 1995 :
2188 1936 2296 2012 qui
2345 1933 2617 2013 denique
2663 1953 2839 1995 com—

489 2034 697 2094 munis
721 2053 785 2095 se
817 2033 991 2109 boni,
1026 2032 1090 2092 id
1118 2037 1212 2092 est
1242 2032 1565 2109 religionis
1595 2051 1668 2093 ac
1709 2032 1931 2111 patriae
1973 2033 2220 2093 hostem
2260 2031 2622 2110 praebuerit,
2667 2033 2844 2093 talis-

490 2151 612 2213 que
640 2151 679 2191 a
712 2130 1056 2211 Republica
1080 2129 1399 2209 judicatus
1425 2130 1527 2206 sit,
1559 2136 1826 2210 utraque
1854 2150 2102 2191 rursum
2133 2136 2194 2191 et
2223 2130 2477 2211 publica
2503 2136 2566 2191 et
2596 2132 2844 2210 privata

490 2231 567 2290 de
597 2228 804 2289 medio
835 2227 971 2289 tolli
1013 2247 1195 2307 posse
1230 2229 1575 2288 fateantur.
1618 2251 1648 2284 »

523 2321 529 2329 ’
572 2314 835 2404 Singula
882 2325 981 2385 vel
1026 2324 1400 2385 tenuissima
1449 2344 1716 2406 quaeque
1767 2324 2051 2385 adoritur
2097 2342 2112 2385 z
2156 2324 2518 2385 dominatus
2572 2344 2843 2404 usurpa-

492 2430 693 2485 torem
724 2440 837 2483 cur
865 2422 1147 2482 occidere
1176 2420 1383 2483 liceat.
1416 2423 1450 2482 J
1459 2440 1565 2482 ure
1598 2424 1690 2481 vis
1721 2422 2081 2483 adhibenda
2110 2427 2203 2482 est
2231 2422 2297 2481 in
2327 2440 2470 2481 eum
2498 2423 2608 2500 qui
2639 2422 2844 2483 aliena

492 2521 660 2582 bona
696 2519 1015 2594 invaserit,
1062 2518 1387 2599 multoque
1428 2520 1632 2600 magis
1676 2519 1740 2579 iu
1775 2538 1917 2580 eum
1973 2519 2082 2599 qui
2121 2517 2599 2598 rempublicam.
2654 2518 2844 2597 Cujus

492 2617 582 2679 rei
632 2617 978 2697 probandae
1034 2635 1246 2691 causa,
1298 2617 1574 2678 occisum
1625 2618 1935 2678 Colinium
1983 2617 2242 2696 profert,
2294 2616 2610 2677 famosum
2664 2617 2843 2679 illum

494 2721 859 2796 tyrannum,
893 2733 1084 2795 quem
1116 2713 1379 2776 Carolus
1410 2735 1614 2776 nonus
1653 2716 1917 2776 interfici
1943 2716 2267 2795 jusserit.

577 2805 866 2875 Secunda
914 2812 1238 2874 conclusio
1293 2833 1371 2874 ex
1422 2813 1798 2894 seponendis
1853 2813 2114 2891 privatis
2167 2802 2560 2892 publicisque
2604 2813 2850 2891 injuriis

496 2911 715 2972 oritur.
741 2911 986 2972 Nemini
1020 2912 1111 2972 fas
1140 2917 1233 2972 est
1260 2911 1523 2989 injurias
1555 2911 1833 2992 privatas
1864 2909 2114 2983 ulcisci;
2147 2916 2491 3019 tyrannum
2522 2910 2716 2988 igitur
2745 2910 2852 2988 qui

496 3008 786 3090 publicus
811 3009 1015 3069 hostis
1046 3028 1173 3071 non
1202 3009 1303 3082 sit,
1338 3029 1377 3070 a
1402 3009 1652 3090 privato
1683 3008 1883 3070 occidi
1916 3027 2042 3068 non
2067 3007 2232 3068 licet.
2260 3007 2381 3068 Sed
2403 3007 2451 3067 si
2475 3007 2851 3087 Respublica

495 3113 838 3186 tyrannum
866 3105 1115 3167 hostem
1140 3107 1463 3187 publicum
1491 3106 1980 3186 proclamaverit
2000 3124 2155 3179 esse,
2178 3105 2474 3166 insanum
2499 3111 2562 3166 et
2589 3104 2848 3166 omnino

496 3223 713 3265 sensus
770 3210 1089 3283 expertem
1118 3250 1133 3277 ,
1185 3223 1257 3265 ac
1314 3223 1525 3264 rerum
1575 3206 2000 3265 humanarum
2052 3203 2272 3264 rudem
2318 3203 2462 3282 jure
2517 3202 2691 3264 dicas
2743 3203 2852 3283 qui

498 3306 683 3379 neget
701 3319 831 3361 non
860 3301 1051 3362 modo
1079 3321 1117 3362 a
1142 3301 1203 3362 vi
1230 3302 1482 3382 publica
1502 3303 1611 3363 sed
1644 3302 1833 3362 etiam
1865 3314 1903 3361 a
1927 3301 2180 3382 privata
2209 3319 2403 3360 manu
2435 3299 2846 3360 occidendum

496 3416 629 3460 esse
688 3403 1027 3480 tyrannum
1084 3405 1389 3480 tanquam
1438 3400 1743 3460 belluam.
1801 3400 2165 3480 Tyrannum
2225 3415 2375 3477 ergo
2430 3397 2723 3475 religioni
2777 3415 2850 3458 ac

500 3495 717 3576 patriae
766 3497 1081 3557 infensum
1127 3497 1273 3559 licet
1328 3499 1643 3575 occidere;
1687 3498 1969 3577 privatus
2011 3496 2214 3577 quivis
2256 3502 2599 3576 tyrannum
2639 3494 2846 3574 reipu-

498 3593 679 3654 blicae
717 3592 967 3655 hostem
1007 3594 1289 3666 occidere
1330 3602 1570 3675 potest;
1617 3594 1977 3675 reipublicae
2019 3594 2216 3655 hostis
2247 3593 2350 3672 jus
2391 3611 2579 3653 omne
2621 3590 2852 3672 princi·

498 3695 685 3770 patus
728 3691 983 3754 amittit.
1018 3715 1050 3748 «
1091 3692 1163 3752 ld
1201 3712 1453 3773 quoque
1498 3693 1927 3773 consequitur,
1962 3691 2208 3772 privato
2247 3689 2441 3751 cuivis
2479 3696 2846 3768 tyrannum,

498 3805 689 3867 quem
727 3786 976 3848 hostem
1020 3789 1374 3868 respublica
1406 3790 1729 3868 judicarit,
1764 3791 2048 3852 occidere
2090 3788 2332 3850 licitum
2365 3807 2519 3862 esse,
2555 3787 2852 3866 quodque

499 3884 747 3964 publica
801 3886 1182 3965 Reipublicae
1231 3894 1509 3967 potestas
1552 3895 1667 3965 est,
1721 3895 1790 3949 ut
1825 3906 1890 3949 se
1935 3888 2234 3949 adversus
2274 3885 2526 3946 hostem
2573 3890 2848 3956 tueatur,

500 4002 770 4063 eumque
810 3984 885 4045 de
924 3984 1129 4046 medio
1164 3985 1371 4060 tollat,
1416 4006 1490 4047 ea
1523 3985 1587 4046 in
1626 3987 1941 4066 privatum
1988 3984 2274 4066 quemvis
2311 3987 2534 4062 suopte
2573 3981 2852 4061 pondere

500 4080 891 4143 devolvatur.
943 4077 1257 4144 Probante
1303 4084 1363 4145 id
1406 4083 1504 4144 vel
1548 4090 1778 4145 natura
1813 4085 1972 4162 ipsa,
2018 4090 2088 4144 ut
2127 4082 2295 4162 quod
2338 4080 2558 4141 manui
2596 4084 2854 4158 propter

501 4178 860 4240 universum
921 4199 1170 4260 corpus,
1232 4189 1295 4242 et
1350 4180 1481 4241 filio
1539 4186 1803 4262 propter
1860 4186 2124 4242 matrem
2183 4196 2552 4240 concessum
2611 4184 2726 4254 est,
2786 4181 2854 4236 ut

503 4275 821 4336 infensum
874 4277 1124 4338 hostem
1182 4297 1254 4339 ac
1310 4278 1457 4339 vitae
1511 4278 1646 4358 ejus
1700 4278 2135 4339 imminentem
2191 4294 2591 4355 quacumque
2647 4279 2853 4354 potest

501 4373 744 4435 ratione
784 4375 1115 4453 percutiat,
1158 4375 1325 4437 idem
1361 4395 1614 4456 quoque
1665 4375 1728 4436 in
1762 4381 2128 4456 tyrannum,
2175 4373 2445 4435 universi
2488 4371 2849 4452 reipublicae
