3131 5145
332 558 349 590 ἱ

454 576 689 667 prodiit
712 568 879 645 anno
911 576 1069 644 1593
1096 603 1135 645 a
1162 584 1407 645 Joanne
1434 581 1716 642 Buchero
1747 574 2036 660 scriptus,
2082 580 2192 660 qui
2215 572 2364 639 tunc
2391 574 2564 659 apud
2589 578 2820 659 Belgas

457 684 633 744 exsul
678 682 949 761 degebat
978 682 1097 742 sub
1127 681 1329 743 tutela
1360 686 1427 741 et>
1449 680 1752 760 praesidio
1787 679 2236 759 Hispan-orum.
2444 672 2448 677 ’

459 810 475 817 -
536 782 627 841 Ex
654 782 931 861 quinque
962 779 1249 860 partibus
1282 778 1513 859 quibus
1544 783 1796 839 constat
1825 776 2006 853 liber,
2046 771 2327 836 secunda*
2351 782 2597 836 tantum
2633 776 2818 837 nobis

458 880 804 941 evolvenda
838 885 951 951 est,
999 898 1141 958 quae
1188 878 1659 938 demonstratur
1686 876 1927 954 justum
1979 894 2113 935 esse
2169 872 2440 934 Castelli
2469 873 2714 934 facinus
2753 881 2815 935 et

395 957 411 1018 ἶ
455 978 597 1039 ideo
626 971 971 1054 legitimam
1004 994 1138 1037 esse
1168 974 1423 1055 tyranni
1454 972 1796 1051 cujuslibet
1824 973 2083 1033 caedem.

534 1074 875 1136 Exorditur
912 1074 991 1133 ab
1035 1072 1369 1133 asserendo
1408 1072 1914 1151 haudquaquam
1952 1070 2067 1131 sibi
2111 1069 2174 1130 in
2207 1070 2420 1130 animo
2452 1088 2585 1130 esse
2619 1070 2814 1149 proti·-

454 1172 571 1232 teli
605 1174 751 1251 jure
793 1170 1059 1231 interfici
1103 1189 1285 1250 posse
1331 1187 1532 1247 reges,
1579 1168 1812 1247 quibus
1861 1167 2232 1247 obsequium
2293 1174 2354 1227 et
2411 1166 2814 1227 observantia

454 1269 757 1331 debeatur
790 1276 860 1329 ut
905 1268 1017 1328 Dei
1058 1268 1279 1347 legatis
1332 1274 1393 1327 et
1448 1268 1513 1326 in
1574 1274 1746 1327 terra
1796 1261 2360 1346 procuratoribus„
2392 1263 2815 1325 Nihilominus

455 1362 707 1427 Henrici
746 1366 915 1427 tertii
944 1366 1183 1427 caedem
1219 1365 1458 1443 justam
1501 1383 1633 1424 esse
1689 1363 2026 1435 existimat,
2063 1364 2214 1443 quia
2253 1382 2364 1423 rex
2393 1361 2495 1422 ille
2526 1368 2596 1423 ut
2629 1381 2818 1423 cano·

453 1464 589 1525 nice
624 1465 961 1525 damnatus
998 1460 1160 1523 esset
1198 1466 1235 1523 a
1274 1464 1450 1524 Sixto
1483 1462 1742 1534 Quium,
1782 1463 1889 1541 qui
1931 1482 1968 1521 a
2009 1460 2290 1521 fidelium
2329 1460 2629 1520 societate
2667 1478 2812 1521 cum

453 1568 799 1628 amoverat,
829 1562 918 1621 ila
938 1561 1117 1622 civile
1139 1561 1364 1640 ajusta
1390 1560 1794 1640 popularium
1823 1560 2190 1630 rebellione.
2225 1558 2373 1620 Ideo
2397 1558 2542 1637 jure
2568 1559 2635 1617 in
2665 1576 2810 1619 eum

452 1667 523 1719 ut
552 1660 615 1719 in
643 1656 890 1719 hostem
922 1658 1245 1737 publicum
1275 1658 1550 1719 Jacobus
1583 1654 1870 1719 Clemens
1899 1663 2263 1718 armaverat
2295 1676 2537 1717 manus,
2582 1654 2588 1659 ’

446 1820 449 1823 ,
495 1742 624 1817 (Kd
668 1758 803 1825 haec
836 1757 1093 1836 subjicit
1138 1774 1265 1817 non
1301 1775 1511 1834 regem
1537 1757 1850 1817 occidere
1895 1758 1956 1816 in
1998 1756 2217 1817 animo
2257 1755 2552 1835 habuisse
2579 1754 2812 1815 Castel-

454 1858 607 1917 lum.
642 1857 945 1919 Henricus
976 1862 1239 1935 quartus
1270 1856 1439 1915 enim
1472 1874 1599 1915 non
1641 1874 1785 1916 vere
1827 1874 1936 1915 rex
1969 1862 2064 1915 est
2089 1855 2197 1915 sed
2223 1854 2482 1915 mentita
2516 1853 2810 1934 quaedam

332 2001 342 2009 .
450 1957 617 2034 regis
648 1956 906 2034 species,
942 1973 1070 2015 non
1092 1955 1237 2033 jure
1268 1953 1376 2014 sed
1418 1972 1483 2014 re
1514 1958 1578 2012 et
1608 1953 1776 2014 sacto
1807 1960 2104 2014 tantum:
2141 1955 2292 2013 «Ne
2338 1959 2638 2048 pouvant
2649 1960 2812 2013 estre

454 2059 606 2111 tres·
610 2051 921 2113 chrestien
956 2050 1133 2129 celuy
1168 2050 1274 2130 qui
1311 2070 1349 2109 n
1358 2050 1473 2110 ’est
1507 2070 1620 2130 pas
1650 2050 1985 2125 chrestien,
2019 2070 2106 2131 ny
2136 2050 2233 2110 fils
2267 2052 2411 2110 aine
2452 2050 2528 2110 de
2561 2033 2812 2127 l'Eglise

452 2149 639 2230 celuy
670 2150 774 2229 qui
808 2169 847 2209 n
852 2152 965 2209 ’est
995 2168 1107 2230 pas
1133 2149 1289 2209 dans
1321 2148 1593 2227 l’Eglise
1631 2168 1717 2227 ny
1749 2148 2112 2227 catholique
2147 2148 2330 2227 celuy
2369 2148 2477 2227 qui
2507 2154 2601 2209 est
2634 2147 2813 2208 here-

450 2249 645 2328 tique‚
680 2268 765 2327 ny
797 2251 971 2308 sacre
1006 2248 1188 2326 celuy
1217 2248 1326 2328 qui
1366 2255 1462 2308 est
1497 2251 1744 2321 execre,
1793 2266 1874 2327 ny
1918 2247 2141 2326 loingt
2178 2246 2254 2307 de
2301 2247 2456 2307 Dieu
2487 2247 2669 2326 celuy
2703 2247 2812 2327 qui

432 2353 546 2406 »est
574 2346 748 2423 loing
780 2345 857 2405 de
876 2346 1107 2405 Dieu...
1127 2344 1338 2406 Joinct
1364 2344 2053 2418 l’excommunication,
2080 2351 2218 2405 tant
2242 2344 2319 2405 de
2340 2344 2544 2405 droict
2564 2363 2812 2405 comme

454 2442 533 2504 de
560 2444 731 2519 faict,
767 2444 875 2523 qui
908 2443 963 2503 le
997 2444 1153 2504 tient
1184 2444 1507 2520 tousj0urs
1534 2442 1640 2515 lie,
1675 2449 1738 2503 et
1771 2444 1880 2522 qui
1908 2446 2096 2523 opere
2127 2445 2450 2523 tousjours
2485 2462 2599 2503 son
2629 2443 2811 2504 effect

453 2560 617 2622 pout·
647 2542 703 2602 le
741 2540 951 2621 priver
978 2540 1056 2602 de
1088 2539 1149 2602 la
1178 2544 1463 2620 royaute.
1515 2540 1787 2621 N’ayant
1817 2542 2046 2620 gaigne
2082 2560 2200 2621 par
2232 2541 2639 2602 l’absolution
2670 2546 2812 2622 pre-

458 2639 689 2700 tendue
728 2643 767 2700 6
809 2639 869 2700 S.
907 2641 1137 2720 DenyS‚
1186 2639 1369 2700 sinon
1409 2639 1748 2700 rendre'sa
1791 2639 2110 2700 condition
2151 2640 2285 2718 pire
2323 2646 2386 2700 et
2422 2640 2512 2719 s’y
2543 2640 2814 2719 plonger

449 2739 593 2817 plus
624 2743 835 2798 avant.
871 2761 927 2793 »:
1657 2753 1664 2758 ·

454 2865 463 2872 ·
539 2838 835 2896 Attamen
884 2835 1171 2896 sollicitae
1214 2836 1411 2897 menti
1458 2835 1834 2896 observatur
1879 2836 2040 2913 regis
2078 2843 2141 2896 et
2174 2835 2487 2917 pontificis
2525 2838 2810 2897 reconci-

450 2933 651 3008 liatio,
682 2953 823 3013 quae
846 2934 1115 3013 jamjam
1142 2934 1505 3013 appetebat,
1531 2939 1594 2992 et
1621 2941 1800 2994 curat
1821 2933 2264 3013 inquirendum
2294 2953 2420 3014 quo
2443 2933 2523 2994 sit
2551 2934 2806 2995 demum'

451 3049 735 3104 evasura,
780 3037 843 3091 et
886 3031 1211 3092 contendit
1258 3049 1335 3092 ne
1380 3031 1652 3091 solemni
1688 3031 1938 3110 quidem
1991 3031 2390 3093 absolutione
2431 3049 2612 3112 posse
2663 3052 2808 3092 eum

452 3129 694 3206 regium
720 3128 823 3207 jus
862 3129 1054 3189 semel
1093 3134 1455 3209 exemptum
1494 3147 1892 3208 recuperare.
1928 3153 1958 3186 «
2001 3131 2156 3191 Mais
2194 3149 2265 3191 ce
2304 3131 2416 3211 qui
2455 3137 2548 3190 est
2580 3131 2638 3191 le
2667 3131 2810 3211 plus

450 3225 730 3303 notable‚
764 3227 913 3287 c’est
943 3246 1065 3307 que
1086 3229 1301 3307 quand
1330 3228 1475 3288 bien
1505 3227 1549 3288 il
1581 3229 1775 3289 seroit
1801 3229 2051 3300 abSOUS,
2087 3236 2151 3290 et
2181 3246 2296 3309 par
2324 3228 2506 3308 celuy
2537 3229 2645 3308 qui
2675 3229 2808 3291 seul

420 3349 427 3356 ·
453 3326 511 3385 le
542 3331 713 3405 peut,
748 3324 798 3385 si
828 3344 905 3386 ne
937 3325 1207 3387 seroit-il
1237 3345 1353 3405 roy
1383 3332 1713 3406 pourtant,
1743 3327 2126 3388 aultrement
2151 3327 2305 3407 qu’il
2337 3334 2430 3389 est
2461 3331 2500 3388 a
2527 3334 2806 3408 present,

451 3423 558 3503 qui
598 3430 691 3483 est
722 3423 798 3484 de
826 3423 980 3484 faict
1007 3431 1071 3485 et
1108 3444 1236 3485 non
1282 3425 1359 3484 de
1400 3423 1626 3487 droict.
1673 3425 2172 3486 Premierement
2210 3445 2374 3506 pour
2403 3426 2630 3488 n’estre
2661 3426 2810 3488 telle

452 3521 823 3581 attribution
873 3539 956 3582 ou
1012 3522 1369 3583 restitution
1398 3522 1493 3582 de
1540 3523 1766 3595 ὀπυίοι,
1817 3523 1895 3584 (16
1935 3524 1998 3584 16
2051 3530 2276 3584 nature
2319 3530 2384 3585 et
2435 3543 2688 3584 essence
2731 3525 2812 3586 de

454 3617 884 3689 l’absolution
937 3638 1022 3697 ny
1068 3639 1185 3698 par
1222 3625 1613 3700 consequent
1658 3623 2187 3682 necessairement
2234 3643 2276 3703 y
2321 3622 2678 3702 conjoincte
2727 3641 2812 3684 ou

450 3715 875 3799 despendante
911 3716 969 3775 d’
977 3716 1231 3778 icelle...
1262 3719 1473 3779 Joinct
1506 3738 1590 3799 qu
1603 3722 1826 3780 estant
1858 3720 2066 3800 iceluy
2097 3721 2475 3794 condamne‚
2509 3739 2638 3782 non
2669 3739 2806 3782 seu-

390 3897 397 3902 ·
450 3815 684 3874 lement
712 3832 829 3894 par
858 3813 898 3872 l’
904 3814 1131 3893 Eglise‚
1170 3817 1325 3876 mais
1355 3817 1521 3876 aussi
1567 3837 1682 3896 par
1716 3817 1810 3878 les
1847 3820 2047 3891 Emis,
2090 3819 2144 3878 si
2180 3819 2326 3880 bien
2368 3818 2424 3878 le
2454 3837 2619 3899 pape
2657 3825 2812 3899 peut

452 3911 771 3974 relascher
800 3911 863 3972 la
894 3913 1389 3974 condamnation
1415 3914 1914 3996 ecclesiamque,
1941 3916 2092 3976 sine
2117 3916 2438 3995 pourroit-
2409 3916 2486 3976 -il
2513 3916 2576 3976 la
2601 3916 2806 3978 civile.

450 4011 705 4070 Comme
752 4010 798 4070 il
846 4029 923 4071 ne
984 4031 1047 4072 sc
1108 4011 1241 4072 voit
1280 4012 1515 4092 jamais
1562 4014 1732 4074 aussi
1790 4033 1912 4094 que
1967 4013 2376 4076 l'absolution
2429 4015 2506 4075 de
2559 4007 2809 4092 l’Eglise

418 4113 738 4188 exempte
777 4108 834 4169 le
876 4109 1163 4170 criminel
1203 4109 1281 4171 de
1321 4111 1383 4171 la
1423 4111 1602 4190 peine
1639 4117 1677 4171 a
1721 4111 1994 4192 laquelle
2037 4113 2100 4172 la
2145 4112 2249 4193 loy
2288 4121 2350 4173 et
2382 4113 2441 4173 le
2477 4114 2810 4191 magistrat

450 4204 591 4266 civil
632 4207 689 4266 le
728 4206 1227 4269 condamneut...
1271 4209 1349 4268 Et
1386 4209 1438 4268 si
1491 4209 1615 4269 l'on
1667 4210 1976 4270 demande
2025 4211 2196 4271 alors
2246 4229 2368 4292 que
2412 4209 2606 4271 feroit·
2646 4208 2810 4272 donc

456 4301 883 4376 l'absolution,
918 4303 967 4363 si
998 4303 1054 4363 le
1084 4305 1286 4366 droict
1316 4306 1515 4385 perdu
1562 4327 1641 4367 ne
1676 4307 1954 4368 revient‘?
1991 4309 2086 4368 On
2119 4309 2393 4388 respond
2427 4327 2550 4388 que
2584 4309 2812 4372 l’effect

451 4399 593 4460 n’en
632 4400 822 4460 seroit
864 4419 977 4480 pas
1019 4403 1174 4480 petit
1224 4410 1549 4482 pout-tant.
1595 4407 1682 4465 Ne
1723 4403 1890 4466 fusse
1931 4424 2057 4485 que
2103 4425 2266 4484 pou-r
2306 4405 2364 4466 le
2395 4407 2710 4486 spirituel‚
2753 4407 2810 4468 le
