3131 5145
1532 435 1613 448 -
1654 351 1853 464 28⁶-
1958 425 1967 432 ·

595 533 805 596 Nostri
836 534 1110 596 auctoris
1134 533 1398 614 judicio,
1441 553 1641 594 unum
1676 533 2030 596 necessario
2062 533 2474 614 quaerendum
2510 538 2608 594 est
2650 532 2702 593 si
2734 531 2875 612 quis

506 633 650 714 jure
695 637 757 695 et
796 630 1218 692 annuentibus
1246 631 1491 710 legibus
1524 630 1679 693 velit
1722 637 2065 710 tyrannum
2104 630 2485 712 opprimere,
2530 635 2597 690 ut
2634 628 2731 692 eis
2764 629 2875 709 qui

514 731 641 792 tale
682 729 923 790 facinus
960 729 1346 810 susceperint
1382 728 1771 790 restituenda
1808 728 2069 790 libertas
2106 733 2526 809 proponatur.
2562 728 2685 801 Qui
2719 745 2872 788 vero

406 848 420 858 ·
515 827 582 888 in
610 826 1026 906 imperatores
1053 829 1372 888 Romanos
1401 826 1902 906 conspirationes
1926 825 2135 888 moliti
2159 831 2306 887 sunt
2335 831 2397 886 et
2422 824 2871 906 expellendum

514 930 856 1005 tyrannum
889 924 1101 985 animo
1134 923 1534 985 destinabant
1563 924 1739 985 salva
1779 924 1919 1005 ipsa
1952 923 2289 1004 tyrannide
2328 942 2342 984 :
2380 945 2411 979 (ι
2442 925 2495 982 Α
2524 922 2789 984 ceux-la
2807 924 2873 1002 je

515 1040 594 1083 ne
622 1021 912 1102 voudroy
940 1039 1054 1102 pas
1082 1038 1316 1082 mesme
1347 1021 1496 1101 qu'il
1530 1020 1669 1082 leur
1701 1040 1778 1082 en
1815 1021 1942 1082 fust
1972 1021 2118 1081 bien
2152 1020 2439 1093 succede,
2473 1026 2534 1081 et
2564 1019 2695 1080 suis
2722 1037 2871 1080 con-

513 1123 651 1181 tent
679 1117 863 1200 qu'ils
894 1125 1083 1200 ayent
1114 1122 1392 1181 monstre
1417 1138 1536 1198 par
1561 1118 1700 1180 leur
1719 1117 2031 1198 exemple,
2062 1117 2214 1197 qu’il
2242 1136 2323 1179 ne
2345 1118 2484 1178 faut
2508 1135 2625 1197 pas
2648 1117 2879 1177 abuser

516 1218 598 1278 du
631 1215 832 1296 sainct
863 1235 1010 1278 nom
1042 1215 1119 1276 de
1151 1216 1215 1276 la
1245 1216 1490 1294 liberte,
1519 1235 1684 1296 pour
1712 1217 1868 1277 faire
1898 1214 2222 1276 mauvaise
2253 1215 2623 1295 entreprise.
2662 1237 2695 1270 ›>

599 1317 738 1375 Non
771 1333 810 1374 a
838 1313 1414 1389 circumstantibu8‚
1441 1332 1569 1374 non
1596 1313 1676 1374 ab
1698 1313 2041 1394 aequalium
2069 1312 2435 1374 incitatione
2456 1312 2709 1372 animos
2736 1311 2876 1372 illos

519 1411 811 1473 ardentes
852 1411 1084 1474 hausit.
1147 1413 1284 1484 Quo
1341 1412 1619 1493 impulsu
1676 1411 1869 1490 igitur
1925 1412 2300 1472 effrenatum
2353 1409 2531 1493 illum
2586 1407 2877 1488 concepit

518 1508 828 1570 libertatis
871 1527 1175 1585 amorem,
1225 1529 1367 1589 quae
1417 1529 1455 1570 a
1500 1509 1712 1572 multis
1759 1508 1944 1570 annis
1998 1507 2231 1568 amissa
2268 1506 2457 1586 plane
2496 1525 2529 1566 e
2571 1505 2878 1567 memoria

518 1606 820 1668 excidisse
875 1606 1211 1667 videbatur
1263 1607 1496 1668 nedum
1555 1606 1936 1668 desiderium
1986 1605 2085 1666 sui
2139 1605 2423 1666 faceret?
2472 1602 2553 1664 ab
2600 1603 2878 1682 antiquis

518 1723 748 1785 nempe
777 1704 1112 1765 instinctus
1141 1710 1256 1767 est.
1293 1707 1426 1778 Quo
1457 1711 1745 1784 tempore
1776 1703 2023 1784 scripsit
2061 1703 2401 1764 Boetianus
2440 1711 2729 1763 veterum
2770 1700 2877 1760 lit-

519 1814 672 1864 terae
696 1787 1082 1864 emicuerant
1108 1803 1289 1881 quasi
1315 1808 1730 1874 renascenteS,
1758 1819 2106 1881 earumque
2129 1800 2291 1862 miro
2318 1799 2525 1861 studio
2545 1797 2877 1860 fervebant

523 1899 754 1973 animi3
789 1901 1061 1980 novique
1092 1900 1556 1963 suscitabantur
1586 1919 1803 1961 sensus
1833 1899 1914 1960 ab
1944 1907 2185 1962 aeterna
2209 1904 2441 1959 natura
2468 1897 2589 1958 orti
2621 1895 2733 1958 sed
2760 1893 2875 1956 aevi

521 1996 987 2078 longinquitate
1018 1996 1314 2076 obsoleti,
1337 2005 1398 2059 et
1428 1998 1490 2058 in
1518 1999 1941 2078 posteriorum
1976 2003 2223 2059 mentes
2251 1995 2681 2074 infigebantur
2710 2012 2899 2074 prae-.

523 2096 852 2156 teritorum
885 2095 1240 2156 seculorum
1276 2096 1540 2156 affectus
1581 2096 1689 2175 qui
1724 2094 1789 2156 in
1821 2095 1998 2156 libris
2028 2094 2328 2174 vigebant
2357 2092 2639 2174 quotidie
2670 2090 2870 2152 editis.

519 2193 618 2252 Ita
649 2191 993 2253 Boetianus
1030 2193 1274 2272 antiqui
1303 2193 1422 2255 viri
1452 2193 1739 2254 habitum
1791 2199 2146 2273 sumpserat
2184 2193 2266 2253 ab
2309 2189 2647 2267 historicis,
2676 2188 2880 2269 philo·

522 2288 762 2369 sophis,
823 2290 1150 2370 poetisque
1197 2291 1530 2352 desumens
1575 2309 1859 2352 amorem
1904 2291 2083 2350 illum
2131 2289 2441 2352 libertatis
2484 2306 2613 2368 quo
2660 2303 2878 2348 omnes

523 2381 761 2466 pariter
805 2387 1178 2466 flagravere.
1241 2389 1522 2469 Tyranni
1575 2389 1777 2450 caedes
1827 2387 2123 2450 laudibus
2162 2387 2243 2448 ab
2286 2386 2410 2447 illis
2458 2385 2628 2447 elata
2668 2384 2751 2446 ab
2804 2401 2879 2445 eo

522 2482 867 2562 vituperari
893 2503 1020 2545 non
1055 2490 1324 2564 poterat.

605 2584 693 2643 Ne
724 2587 938 2643 tamen
978 2582 1297 2646 existimes
1339 2584 1417 2645 ab
1457 2585 1568 2647 illo
1608 2585 1790 2647 facile
1829 2585 2167 2666 probatam
2208 2584 2399 2647 fuisse
2437 2582 2675 2644 caedem
2716 2580 2881 2659 regis

501 2680 624 2741 ·vel
661 2680 960 2761 principis
998 2682 1205 2743 aetatis
1242 2702 1372 2743 suae
1408 2683 1670 2744 crimine
1717 2683 2073 2765 tyrannidis
2121 2682 2424 2763 oppressi.
2466 2681 2701 2742 Intima
2744 2681 2880 2760 ejus

526 2779 910 2840 conscientia
956 2784 1018 2839 et
1069 2798 1310 2841 merum
1365 2780 1442 2841 de
1485 2782 1607 2859 hac
1651 2801 1716 2842 re
1747 2781 2057 2860 judicium
2116 2801 2192 2841 ex
2243 2779 2529 2841 clausula
2575 2777 2879 2839 orationis

527 2877 800 2957 erumpit
828 2895 956 2957 qua
977 2878 1172 2939 Deum
1199 2877 1552 2939 obtestatur
1580 2884 1649 2939 ut
1675 2897 1898 2959 poenas
1925 2898 1964 2939 a
1991 2885 2262 2959 tyranno
2293 2875 2627 2955 posthanc
2660 2882 2879 2935 terres-

527 2979 688 3033 trem
719 2974 914 3035 vitam
941 2975 1176 3054 exigat.
1211 2976 1558 3036 Identidem
1592 2977 1965 3036 sententiam
1996 2993 2174 3036 suam
2204 2979 2502 3051 exegerat
2532 2974 2832 3033 Erasmus
2860 2986 2877 3031 τ

529 3092 560 3125 «
592 3070 834 3130 Levons
864 3071 953 3132 les
981 3090 1148 3149 yeux
1176 3091 1316 3132 vers
1345 3073 1403 3133 le
1429 3073 1570 3150 ciel,
1594 3073 1801 3152 inquit
1819 3072 2180 3144 Boetianus,
2207 3090 2287 3133 ou
2311 3070 2456 3131 bien
2480 3088 2646 3150 pour
2665 3074 2880 3131 nostre

525 3166 838 3242 honneur,
872 3187 952 3229 ou
985 3187 1148 3249 pour
1176 3169 1448 3232 l’amour
1471 3172 1548 3231 de
1574 3170 1636 3231 la
1665 3189 1901 3233 mesme
1923 3176 2126 3246 vertu,
2157 3174 2195 3231 a
2219 3169 2374 3230 Dieu
2406 3167 2877 3247 tout-puissant,

525 3269 776 3325 asseure
819 3265 1088 3327 tesmoin
1131 3267 1208 3329 de
1249 3286 1364 3329 nos
1402 3268 1609 3345 faicts,
1644 3275 1706 3330 et
1738 3270 1907 3349 juste
1939 3269 2098 3347 juge
2140 3266 2216 3328 de
2246 3284 2363 3327 nos
2398 3266 2622 3327 fautes.
2655 3266 2747 3329 De
2776 3282 2883 3326 ma

525 3368 690 3441 part,
725 3362 790 3442 je
829 3381 1020 3443 pense
1064 3363 1230 3438 bien,
1266 3371 1328 3427 et
1365 3384 1445 3427 ne
1483 3364 1612 3426 suis
1646 3384 1761 3445 pas
1795 3368 2068 3445 trompe,
2110 3362 2405 3443 puisqu'il
2444 3362 2607 3425 n’est
2643 3362 2783 3424 rien
2828 3361 2881 3423 si

527 3460 839 3521 contraire
869 3466 908 3521 a
944 3461 1099 3523 Dieu
1135 3468 1274 3524 tout
1313 3462 1535 3525 liberal
1574 3470 1637 3525 et
1675 3462 2065 3525 debonnaire
2104 3480 2224 3542 que
2265 3460 2329 3522 la
2370 3460 2685 3542 tyrannie,
2728 3458 2880 3539 qu’il

496 3559 773 3617 ‘reserve
803 3556 950 3619 bien
979 3559 1174 3621 la-bas
1202 3566 1240 3621 a
1269 3568 1414 3641 part
1443 3579 1606 3641 pour
1633 3561 1722 3622 les
1742 3563 1987 3642 Tyrans
2016 3565 2081 3621 et
2110 3559 2282 3622 leurs
2311 3558 2673 3638 compliceS,
2702 3556 2880 3637 quel·

528 3672 650 3734 que
681 3654 862 3733 peine
891 3656 1316 3733 particuliere.
1350 3683 1379 3714 »

608 3754 899 3814 Ceterum
943 3756 1188 3816 curavit
1233 3774 1312 3817 ne
1363 3756 1428 3816 in
1469 3756 1670 3817 lucem
1718 3758 2117 3836 proferretur
2163 3753 2415 3816 libellus
2462 3753 2553 3816 De
2595 3754 2885 3815 servitute

525 3861 867 3933 spontanea
876 3868 906 3932 ,·
944 3872 1017 3914 ac
1050 3860 1271 3933 postea
1319 3854 1508 3933 regiae
1554 3860 1618 3915 et
1654 3853 1985 3915 catholicae
2031 3852 2321 3915 factionis
2361 3851 2716 3913 fautoribus
2749 3870 2883 3913 sese

494 3949 788 4024 ›addixit,
817 3950 1140 4031 latinoque
1171 3952 1445 4014 carmine
1476 3952 1817 4013 celebravit
1851 3951 2192 4013 cardinalis
2221 3949 2595 4029 Lotharingi
2622 3949 2879 4012 Meudo-

527 4064 781 4107 nensem
815 4045 1204 4126 speluncam,
1238 4054 1300 4110 et
1330 4049 1697 4129 eloquenter
1727 4048 1998 4129 pectoris
2027 4048 2271 4109 luctum
2302 4048 2609 4127 expressit
2634 4065 2763 4127 quo
2784 4045 2883 4108 die

526 4142 894 4202 Franciscus
925 4142 1172 4204 Guisius
1201 4164 1240 4205 a
1266 4144 1578 4206 Politroto
1608 4145 1817 4206 Mereo
1849 4145 2114 4224 plumbo
2145 4144 2307 4205 ictus
2335 4141 2653 4204 occubuit.
2768 4142 2801 4171 ⁹

611 4241 759 4299 Post
770 4238 1120 4301 institutam
1136 4242 1212 4303 de
1225 4243 1548 4324 Stephano
1561 4243 1862 4304 Boetiano
1876 4242 2501 4320 commentationem,
2516 4258 2649 4302 non
2664 4239 2883 4302 deceat

527 4334 606 4395 de
628 4337 923 4427 Montano
954 4343 1163 4400 tacere
1189 4358 1463 4420 quocum
1487 4339 1838 4402 arctissima
1866 4339 2295 4401 familiaritate
2325 4338 2465 4419 conj
2476 4342 2703 4400 unctus
2722 4343 2881 4400 erat.
