3131 5145
350 628 543 708 Cujus
574 627 722 687 libri
748 627 853 687 diu
881 615 1101 688 auctor
1133 627 1385 688 habitus
1413 635 1507 688 est
1537 628 1903 691 Guillelmus
1927 633 2112 704 Rosa,
2145 630 2628 693 silvanectensis

271 726 629 806 episcopm,
668 743 828 785 unus
856 743 933 785 ex
964 724 1405 786 furentissiniis
1428 745 1624 786 sacrae
1657 727 2208 788 confoederationis
2249 729 2620 805 fautoribuS‚

276 824 449 904 quod
488 824 554 882 in
596 822 875 884 secunda
910 821 1183 883 editione
1228 825 1270 897 ¹,
1324 823 1389 882 in
1428 824 1570 903 'ipso
1620 823 1806 885 titulo
1853 825 2182 903 subjicitur
2234 843 2248 886 τ
2296 827 2629 888 Guillelmo

278 921 537 984 Rossaeo
565 920 856 982 authore.
890 921 1046 980 Sunt
1075 921 1182 999 qui
1212 919 1549 982 Guillelmo
1580 922 1924 1000 Reginaldo
1959 923 2160 1000 Anglo
2202 923 2624 999 attribuerint,

280 1021 412 1082 sive
464 1017 800 1081 Guillelmo
844 1018 1145 1090 Gifford0‚
1194 1019 1471 1079 Gilberto
1523 1020 1944 1094 Genebrardo‚
1991 1021 2158 1100 quod
2197 1022 2462 1100 epistola
2507 1042 2634 1103 qua

280 1117 610 1180 exorditur
640 1117 799 1176 liber
826 1123 889 1176 et
919 1116 1165 1177 dicatur
1188 1115 1416 1177 Carolo
1446 1117 1592 1178 duci
1621 1119 2024 1198 Maycnneusi
2055 1116 2385 1198 obsignata
2419 1128 2581 1182 esset
2616 1140 2640 1184 :-

286 1214 709 1278 G.-G.-R.-A.
759 1213 1081 1294 Pereqrin.
1117 1213 1376 1275 Roman.
1422 1216 1503 1276 At
1536 1221 1729 1293 certe,
1783 1222 1851 1276 ut
1887 1218 2286 1294 sagacissime
2321 1237 2358 1278 a
2387 1211 2643 1282 Labitt'e‘

285 1315 699 1394 explanatum
730 1317 845 1386 est,
874 1311 1146 1374 Gallicus
1176 1313 1325 1374 civis
1354 1320 1447 1373 est
1478 1313 1584 1393 qui
1627 1312 1906 1374 libellum
1947 1316 2322 1394 composuit,
2360 1317 2528 1396 quod
2559 1336 2646 1379 ex·

287 1413 388 1474 his
417 1411 625 1473 verbis
649 1411 861 1472 induci
888 1418 1093 1491 potest
1130 1432 1141 1469 :
1182 1436 1208 1465 «
1241 1414 1363 1472 Nec
1394 1417 1638 1489 guttam
1671 1412 1881 1490 gallici
1906 1414 2228 1491 sanguinis
2263 1420 2370 1474 aut
2407 1415 2636 1476 indolis

290 1511 657 1572 habent.....
710 1509 919 1586 Angli,
968 1507 1187 1568 aeterni
1224 1508 1437 1568 Galliae
1482 1509 1716 1570 hostes,
1764 1535 1792 1563 »
1835 1511 1970 1571 Non
2009 1529 2158 1572 vero
2203 1511 2640 1592 episcopus‘ut

288 1608 659 1671 Guillelmus
703 1609 887 1681 Rosa,
931 1607 1039 1686 qui
1083 1606 1217 1666 haec
1257 1606 1595 1686 subjecerit
1639 1625 1654 1668 :
1707 1632 1736 1661 «
1780 1609 1932 1668 Cum
1981 1611 2280 1670 uxoribus
2321 1617 2384 1671 et
2430 1611 2639 1672 liberis

289 1706 633 1786 tranquille
672 1705 961 1770 vivimus.
1007 1729 1039 1761 υ
1075 1707 1314 1766 Forsan
1354 1724 1431 1766 ex
1472 1706 1836 1784 Burgundia
1868 1708 2207 1767 oriundum
2243 1727 2374 1768 esse
2415 1709 2641 1788 conjici

292 1810 501 1887 potest
530 1823 608 1865 ex
638 1804 735 1863 his
766 1822 780 1865 :
818 1827 849 1859 «
877 1805 1011 1864 Non
1046 1809 1175 1862 tam
1217 1802 1369 1882 quid
1409 1803 1489 1863 sit
1528 1803 1680 1863 utile
1715 1803 2114 1882 Burgundico
2154 1805 2408 1866 nomine
2448 1826 2642 1886 quam

292 1904 445 1984 quid
486 1903 567 1964 sit
606 1903 757 1963 utile
792 1900 1151 1981 reipublicae
1194 1900 1549 1962 christianae
1587 1900 1906 1981 expend03
1951 1921 2064 1962 nec
2103 1903 2168 1963 in
2206 1903 2442 1983 meipso
2483 1905 2644 1965 tanti

294 2001 394 2064 vel
426 2001 797 2079 sanguinem
830 1999 1293 2077 burgundicum
1323 1999 1424 2060 vel
1456 1999 1578 2061 mei
1609 1999 1772 2077 regis
1797 2000 2090 2077 gloriam,
2123 2001 2223 2061 vel
2253 2002 2474 2081 patriae
2510 2021 2644 2062 am-

252 2087 261 2092 ’
298 2100 673 2181 plitudinem
696 2116 889 2178 quam
923 2095 1152 2156 Christi
1174 2096 1363 2157 iidem
1388 2096 1714 2158 considero
1721 2143 1841 2160 .....
1872 2099 2066 2158 Deum
2091 2117 2168 2158 ex
2191 2099 2402 2160 animo
2425 2119 2648 2180 precor

299 2205 365 2257 ut
396 2197 613 2258 Galliae
656 2195 881 2256 veteris
911 2195 1005 2254 sui
1040 2195 1289 2272 imperii
1328 2192 1631 2255 terminos
1669 2193 2006 2256 latissimos
2050 2203 2372 2257 conservet
2381 2243 2502 2259 .....
2540 2199 2648 2260 Sin

292 2315 449 2359 vero
480 2295 681 2356 Gallia
704 2314 743 2354 a
772 2293 1091 2372 majorum
1120 2311 1375 2353 suorum
1408 2291 1863 2353 catholicorum
1895 2293 2018 2353 fide
2045 2293 2344 2368 discedat,
2375 2301 2506 2355 turn
2531 2315 2649 2374 ego

300 2394 519 2455 Galliae
562 2412 693 2453 non
733 2398 979 2452 tantum
1022 2409 1137 2468 pro
1178 2410 1303 2451 uno
1338 2409 1448 2451 sex
1486 2409 1666 2468 reges
1705 2399 1936 2470 exopto
1976 2399 2044 2452 ut
2089 2393 2236 2452 olim
2279 2393 2406 2454 dux
2443 2400 2652 2455 noster
2757 2427 2764 2436 ·

302 2490 592 2563 CaroluS,
628 2489 737 2550 sed
767 2489 959 2549 etiam
1001 2487 1219 2547 decem
1260 2492 1323 2546 et
1361 2484 1564 2547 decies
1607 2486 1776 2547 mille
1822 2488 1872 2547 si
1912 2487 2043 2548 fieri
2088 2497 2314 2567 posset,
2359 2491 2650 2563 omnibus

302 2591 605 2652 nimirum
634 2587 895 2649 urbibus
926 2606 1070 2648 suos
1100 2586 1441 2665 separatim
1472 2604 1682 2663 regem
1714 2591 1783 2645 ut
1814 2586 2064 2663 regulas
2089 2589 2425 2668 imprecor.
2463 2615 2492 2646 »

384 2690 547 2751 Sunt
584 2686 855 2767 denique
894 2684 1001 2765 qui
1036 2684 1269 2745 librum
1307 2685 1384 2745 de
1420 2682 1602 2745 Justa
1641 2683 1996 2765 reipublicae
2035 2685 2386 2747 christianae
2420 2688 2652 2749 Joanni

304 2787 593 2849 Buchero
637 2784 1058 2846 addicendum
1098 2782 1617 2843 existimaverint.
1662 2782 1852 2841 Nobis
1893 2801 2042 2843 vero
2082 2802 2205 2843 non
2247 2782 2494 2843 videtur
2531 2784 2656 2845 illis

306 2882 800 2953 assentiendum,
837 2879 1277 2962 reputantibus
1309 2898 1436 2939 non
1480 2878 1753 2957 poluisse
1796 2879 2088 2939 eumdem
2129 2880 2204 2939 ‹le
2249 2879 2468 2940 eadem
2513 2900 2652 2941 ma·

308 2986 469 3046 teria
500 3000 848 3063 paucorum
881 2980 1188 3040 mensium
1224 2976 1560 3039 intervallo
1596 2976 1762 3036 intra
1796 2995 1995 3037 annos
2031 2978 2185 3038 1589
2216 2984 2276 3038 et
2313 2980 2472 3040 1590
2493 2979 2657 3041 duos

308 3083 577 3144 edidisse
608 3081 823 3140 libros.
859 3079 1019 3140 Sunt
1044 3076 1296 3156 quidem
1330 3074 1602 3155 plurima
1647 3080 1709 3135 et
1749 3074 1812 3134 in
1854 3075 2037 3135 rebus
2071 3082 2132 3135 ot
2169 3076 2232 3135 in
2272 3076 2478 3138 verbis
2517 3098 2658 3157 quae

312 3182 479 3261 apud
514 3186 853 3256 utrumque
886 3175 1039 3237 mire
1070 3184 1449 3252 congruant,
1466 3173 1578 3233 sed
1605 3172 1722 3234 hoc
1754 3172 1896 3232 inde
1919 3179 2121 3233 exstat
2153 3175 2320 3253 quod
2343 3174 2662 3237 Bucherus

310 3286 373 3341 et
412 3276 741 3339 dubitatus
781 3274 885 3334 ille
937 3280 1157 3335 auctor
1196 3271 1376 3351 quasi
1418 3271 1670 3332 easdem
1707 3271 2005 3350 spirando
2043 3273 2435 3351 captaverint
2475 3293 2662 3335 auras

308 3378 694 3456 eosdemque
742 3390 964 3433 sensus
1013 3372 1387 3450 animosque
1434 3376 1725 3447 gererent
1773 3374 1835 3428 et
1879 3368 2047 3442 odia,
2099 3370 2330 3449 quibus
2367 3372 2666 3433 incende-

314 3477 553 3536 bantur
580 3490 799 3534 omnes
829 3489 1021 3531 sacrae
1054 3468 1608 3530 confoederationis
1639 3467 1992 3546 participes.

394 3573 564 3634 ldeo
592 3569 919 3651 probabile
964 3574 1025 3629 et
1065 3566 1451 3627 laudandum
1490 3585 1623 3626 esse
1657 3563 1902 3643 judicat
1939 3564 2155 3625 Jacobi
2199 3566 2538 3626 Clementis
2575 3567 2668 3627 fa-

317 3674 495 3733 cinus
526 3675 590 3729 et
618 3668 955 3729 Heni-icum
984 3666 1236 3727 tertium
1266 3664 1496 3725 eisdem
1530 3670 1720 3743 atque
1753 3663 2074 3723 Bucherus
2111 3663 2406 3724 conviciis
2443 3671 2506 3725 et
2543 3666 2669 3725 cri-

320 3770 601 3831 minibus
625 3769 988 3828 insectatur.
1016 3764 1342 3842 HenricuS,
1368 3764 1419 3823 si
1450 3762 1537 3822 illi
1567 3761 1946 3822 credendum
1971 3768 2084 3832 est,
2110 3762 2374 3823 Galliam
2399 3781 2586 3823 avare
2609 3770 2672 3823 et

320 3868 576 3930 sordide
606 3864 930 3945 extpilavit.
970 3864 1323 3923 Mahomete
1354 3860 1582 3921 millies
1621 3860 1889 3939 nequior
1929 3860 2045 3919 fuit
2083 3866 2144 3919 et
2183 3860 2573 3935 sceleratior;
2607 3861 2670 3919 in

324 3965 835 4046 turpissimarum
864 3962 1261 4041 voluptatum
1288 3959 1630 4033 ministros,
1661 3958 1722 4018 in
1745 3976 1890 4017 suos
1920 3957 2206 4018 Amasios
2227 3962 2288 4017 et
2311 3958 2672 4019 Gnathones

308 4063 814 4146 quinquagesies
832 4068 1097 4122 centena
1122 4059 1321 4118 millia
1349 4074 1686 4118 aureorum
1712 4055 2070 4133 dissipavit3
2101 4058 2416 4135 etiamque
2448 4074 2674 4117 manus

322 4163 655 4226 sceleravit
703 4159 907 4221 Caroli
953 4158 1119 4219 noni·
1144 4156 1355 4218 fratris
1392 4154 1586 4230 caede,
1631 4161 1697 4213 ut
1738 4153 1920 4213 multi
1957 4161 2266 4224 asserunt,
2305 4153 2442 4233 ejus
2479 4173 2676 4234 opera

320 4280 567 4324 veneno
600 4258 911 4321 exstincti.
940 4256 1055 4317 1110
1086 4257 1437 4335 imperante
1472 4251 1916 4329 languescebat
1944 4251 2234 4323 ecclesian
2269 4253 2669 4332 episcopatus

384 4481 429 4527 1.
461 4477 692 4538 AnverS‚
724 4473 865 4534 1592,
892 4458 1028 4521 011οῑ
1046 4460 1175 4519 Jean
1208 4467 1496 4528 Keerberg.
