3131 5145
742 572 935 721 DE
1056 571 2125 725 TYRANNIGIDIO

1349 878 1536 934 APUD

396 1083 1102 1193 SCRIPTORES
1181 1084 1580 1171 DECIMI
1664 1086 1993 1172 SEXTI
2082 1086 2483 1174 SECULI

1171 1832 1710 1907 PROOEMIUM

347 2152 436 2211 De
471 2149 914 2229 tyrannicidio,
957 2169 1097 2231 quae
1141 2169 1238 2211 res
1285 2150 1368 2211 ad
1400 2170 1610 2213 mores
1649 2171 1829 2233 aeque
1872 2172 1945 2215 ac
1984 2154 2305 2235 politicam
2346 2164 2609 2238 spectat,

265 2263 578 2337 perpetua
607 2256 724 2317 suit
749 2256 1040 2318 omnibus
1069 2257 1294 2319 seculis
1320 2260 1771 2334 controversia,
1804 2262 2145 2343 populique
2170 2264 2441 2326 universi
2471 2266 2615 2329 dili-

264 2369 492 2442 genter
528 2364 940 2444 quaestionem
982 2364 1158 2425 illam
1198 2365 1610 2445 disceptando
1648 2367 1909 2429 scrutati
1948 2375 2095 2430 sunt
2143 2376 2203 2430 et
2247 2371 2475 2452 saepius
2526 2374 2605 2434 ad

264 2476 480 2532 actum
520 2471 836 2549 redegere,
870 2471 999 2532 sive
1033 2470 1351 2550 religionis
1391 2491 1558 2534 caeco
1589 2464 1801 2537 furore
1843 2475 1972 2536 sive
2011 2476 2298 2538 civilibus
2327 2478 2603 2541 instincti

267 2579 450 2679 odiis.

349 2688 674 2766 Nusquam
729 2691 960 2760 tamen,
1024 2689 1092 2744 ut
1150 2683 1408 2765 opinor,
1459 2684 1900 2748 fervidioribus
1952 2687 2121 2749 elata
2176 2696 2267 2750 est
2320 2689 2614 2753 laudibus

269 2791 528 2873 tyranni
553 2791 754 2852 caedes
792 2809 986 2870 quam
1021 2790 1085 2850 in
1120 2791 1362 2852 decimo
1396 2797 1574 2853 sexto
1604 2791 1841 2866 secu10,
1874 2801 1983 2854 aut
2014 2793 2201 2875 plura
2231 2794 2425 2857 edidit
2454 2796 2614 2859 saci-

269 2919 428 2962 nora
446 2899 600 2959 illud
623 2898 848 2959 mentis
869 2904 1267 2978 conceptum,
1293 2898 1472 2978 cujus
1497 2899 1707 2976 gratia
1726 2900 1980 2980 plurimi
2004 2901 2121 2963 viri
2142 2903 2456 2984 principes
2476 2908 2613 2967 neci

267 3008 732 3092 occubuerunt4
747 3005 934 3085 Cujus
967 3005 1054 3066 rei
1085 3005 1134 3065 si
1164 3024 1418 3067 causam
1447 3007 1749 3085 requireS,
1778 3027 1857 3069 ex
1885 3008 2210 3070 affectibus
2240 3010 2391 3072 oriri
2420 3015 2618 3074 mani-

265 3115 495 3176 festum
531 3114 651 3174 erit
683 3111 983 3190 religiosis
1015 3111 1446 3192 civilibusque,
1482 3113 1591 3192 qui
1622 3113 1945 3194 propriam
1972 3121 2034 3176 et
2064 3115 2446 3196 peculiarem
2479 3125 2613 3181 tur-.

267 3221 542 3282 bulentae
571 3219 661 3280 illi
691 3218 862 3280 aetati
892 3224 1112 3280 notam
1142 3217 1540 3298 imprimunt.

349 3327 509 3389 Illud
552 3346 702 3388 sane
745 3325 1100 3386 mirandum
1149 3326 1319 3405 quod
1359 3315 1848 3406 tyrannicidium
1897 3329 1977 3388 ab
2023 3348 2204 3410 aeque
2242 3329 2503 3393 infensis
2549 3340 2611 3394 et

269 3435 539 3496 multum
569 3429 733 3495 inter
760 3453 824 3495 se
859 3432 1361 3513 discrepantibus
1388 3433 1675 3514 partibus
1708 3435 2050 3514 probatum
2087 3436 2186 3512 sit,
2220 3442 2281 3498 et
2314 3438 2606 3500 edoctum

265 3542 683 3622 laudibusque
719 3539 1088 3620 excogitatis
1117 3538 1503 3600 celebratum
1537 3557 1574 3600 a
1604 3541 2098 3620 protestantibus
2133 3543 2432 3623 primum,
2466 3552 2610 3624 post

266 3649 459 3710 etiam
501 3668 538 3709 a
575 3647 921 3710 catholicis,
958 3646 1196 3726 Quippe
1240 3645 1347 3726 qui
1387 3647 1679 3725 utrinque
1725 3645 2000 3727 plurima
2032 3648 2266 3729 scripta
2302 3649 2612 3712 ediderint

265 3762 340 3817 ut
377 3755 822 3836 profiterentur
855 3759 917 3814 et
957 3752 1342 3830 argumentis
1379 3758 1810 3813 asseverarent
1838 3753 1983 3833 jure
2014 3756 2288 3834 populos
2317 3762 2379 3817 et
2408 3757 2609 3819 rebel-

263 3861 400 3924 lare
430 3869 492 3924 et
522 3869 824 3942 tyrannos
852 3859 1165 3921 trucidare
1197 3851 1522 3939 posse-‘Ac
1550 3877 1701 3920 sane
1732 3860 2159 3922 confitendum
2191 3868 2282 3922 est
2312 3869 2609 3943 utrosque

261 3970 642 4033 sententiam
685 3966 957 4028 vicissim
1004 3966 1340 4026 mutavisse
1376 3971 1439 4026 et
1478 3984 1671 4046 quam
1712 3966 2073 4046 opinionem
2120 3968 2323 4046 primo
2368 3988 2499 4049 prae
2545 3990 2609 4032 sc

261 4077 696 4141 exhibuissent
727 4074 1040 4156 posterius
1068 4073 1334 4146 exuisse,
1363 4078 1554 4153 prout
1594 4092 1692 4133 res
1728 4073 1831 4135 vel
1859 4074 2264 4136 commodum
2295 4076 2607 4153 suaderet,

261 4185 634 4248 caedendum
657 4201 788 4244 esse
812 4189 1152 4263 tyrannum
1179 4178 1593 4261 praedicantes
1619 4199 1813 4259 quum
1847 4178 1926 4240 ab
1955 4179 2223 4242 inimicis
2251 4182 2370 4262 ipsi
2401 4184 2613 4264 oppri-

260 4297 608 4367 merentur,
643 4289 1024 4352 servandum
1054 4293 1262 4349 autem
1300 4291 1636 4366 postquam
1668 4285 1854 4347 rebus
1892 4285 2158 4366 publicis
2200 4290 2615 4368 procurandis

260 4418 482 4461 rursus
512 4402 721 4459 essent
750 4394 1110 4479 praepositi„

409 4507 714 4562 Douxncuss.
2301 4500 2325 4553 1
