3131 5145
1279 471 1605 535 ...31-

255 606 614 667 factionum
654 604 1095 666 controversiis
1146 605 1642 669 inserviendum.
1686 608 1837 681 Quae
1876 608 2125 669 fortiter
2161 610 2479 688 professus
2526 617 2620 672 est

258 722 477 767 coram
502 703 886 781 Augustanis
917 703 1186 765 comitiis
1205 704 1506 767 invictam
1534 705 1713 767 illam
1735 712 1963 769 cuncta
1984 708 2374 787 perpetiendi
2398 710 2615 771 volun·

260 808 454 863 tatem
506 801 736 861 iterum
786 806 1232 881 expresserunt
1282 820 1295 862 :
1348 826 1377 859 «
1430 804 1787 877 Moriemur,
1839 804 1947 865 sed
1995 804 2057 863 in
2105 811 2308 867 morte
2348 805 2615 869 victores

258 900 521 961 erimus,
551 922 582 955 »
846 892 852 896 ’

305 982 414 1058 lsn
442 996 742 1074 vigesimo
771 996 1188 1058 Institutiom‘s
1210 998 1560 1059 christianae
1583 1002 1599 1035 ¹
1629 1000 1935 1080 capitulo,
1957 1002 2128 1080 quod
2156 1001 2233 1062 de
2264 1022 2331 1063 re
2361 1003 2614 1082 publica

260 1094 539 1173 gerenda
590 1093 838 1154 disserit
883 1100 946 1154 et
991 1095 1169 1174 quasi
1228 1095 1551 1175 politicam
1609 1097 2061 1177 professionem
2117 1100 2453 1177 expromit,
2504 1101 2612 1162 sed

261 1191 716 1272 professionem
766 1191 846 1251 ad
892 1193 1298 1254 Franciscum
1343 1195 1621 1274 primum
1673 1195 1997 1256 Gallorum
2048 1214 2257 1274 regem
2309 1196 2609 1259 directam

259 1290 440 1370 cujus
489 1290 756 1369 gratiam
811 1308 1015 1351 causae
1055 1310 1188 1352 suae
1232 1299 1293 1352 et
1331 1292 1760 1371 patrocinium
1802 1293 2136 1354 conciliare
2174 1295 2488 1374 cupiebat,
2532 1297 2615 1355 ad

257 1390 458 1449 Deum
490 1389 698 1469 ipsum
731 1386 1192 1451 institutionem
1225 1390 1413 1469 regiae
1438 1392 1767 1471 potestatis
1797 1393 1988 1451 refert
2023 1414 2035 1451 z
2070 1416 2099 1449 «
2125 1394 2215 1453 Ea
2245 1392 2409 1453 enim
2434 1394 2619 1472 signi-

256 1486 510 1559 ficatur,
539 1485 911 1546 mandatum
942 1504 980 1547 a
1008 1487 1136 1547 Deo
1177 1487 1439 1567 habere,
1475 1488 1691 1549 divina
1719 1487 2095 1550 auctoritate
2125 1490 2425 1568 praeditos
2456 1510 2610 1565 esse,

255 1602 330 1645 ac
363 1582 624 1644 omnino
647 1583 756 1644 Dei
779 1603 1116 1663 personam
1139 1585 1474 1665 sustinere,
1497 1588 1676 1666 cujus
1697 1586 1861 1647 vices
1893 1587 2364 1666 quodammodo
2388 1594 2610 1667 agunt.

254 1678 399 1740 Non
436 1679 706 1740 humana
735 1682 1135 1761 perversitate
1171 1681 1308 1743 fieri
1341 1688 1414 1743 ut
1445 1701 1637 1763 penes
1669 1701 1869 1761 reges,
1900 1684 2199 1761 praefatos
2237 1683 2393 1745 alios
2434 1685 2513 1745 sit
2549 1684 2613 1744 in

257 1778 444 1839 terris
484 1797 696 1838 rerum
735 1778 1018 1839 omnium
1054 1780 1412 1855 arbitrium,
1458 1780 1569 1841 scd
1607 1780 1823 1841 divina
1863 1780 2262 1860 providentia
2298 1786 2361 1843 et
2398 1789 2614 1844 sancta

261 1876 666 1938 ordinatione
703 1893 717 1937 :
753 1876 853 1937 cui
883 1877 972 1937 sic
1001 1877 1202 1939 visum
1232 1884 1328 1939 est
1355 1896 1454 1939 res
1482 1878 1813 1939 hominum
1844 1878 2183 1939 moderari.
2222 1903 2251 1934 »

343 1975 439 2035 Ab
487 1974 600 2035 illa
645 1974 827 2035 Pauli
875 1994 1028 2037 voce
1079 1994 1361 2048 exorsuS,
1406 2001 1435 2033 «
1485 1976 1700 2037 Omnis
1757 1981 2037 2057 potestas
2084 1995 2122 2036 a
2164 1977 2295 2037 Deo
2340 2000 2399 2051 »,
2451 1976 2617 2037 inter

257 2073 542 2133 diversos
606 2072 875 2134 civitatis
947 2073 1236 2151 gerendae
1304 2073 1560 2135 habitus
1645 2074 1887 2135 nullum
1952 2075 2209 2134 omnino
2277 2071 2615 2133 discrimen

259 2170 456 2231 habet
506 2189 520 2231 :
586 2194 614 2226 «
669 2172 984 2231 Praeterea
1038 2171 1204 2232 inter
1250 2173 1420 2251 ipsos
1474 2172 1875 2250 magistratus
1920 2170 2170 2232 tametsi
2227 2170 2415 2231 variae
2468 2176 2615 2230 sunt

256 2268 507 2342 formae,
563 2266 810 2327 nullum
849 2274 1065 2329 tamen
1111 2268 1450 2329 discrimen
1495 2270 1614 2330 hac
1662 2269 1724 2329 in
1770 2274 1950 2349 parte
1995 2275 2108 2347 est,
2162 2268 2317 2347 quin
2358 2286 2474 2347 pro
2502 2267 2615 2327 Dei

259 2364 589 2425 ordinibus
615 2365 1025 2445 suscipiendae
1057 2385 1096 2427 a
1121 2366 1304 2428 nobis
1329 2386 1548 2428 omnes
1578 2367 1727 2427 sint.
1762 2370 1920 2427 Nam
1961 2385 2183 2428 omnes
2220 2364 2407 2425 simul
2449 2383 2617 2425 com·

258 2463 558 2550 plectitur
585 2463 840 2537 Paulus,
871 2484 1063 2545 quum
1097 2466 1186 2526 ait
1215 2484 1340 2527 non
1369 2484 1502 2526 esse
1532 2471 1911 2545 potestatem
1939 2464 2057 2525 nisi
2086 2484 2124 2525 a
2160 2466 2290 2525 Deo
2327 2483 2341 2524 :
2370 2468 2432 2524 et
2471 2482 2612 2543 quae

258 2562 545 2623 omnium
581 2561 842 2623 minime
885 2562 1229 2641 arridebat,
1262 2563 1493 2624 eximio
1534 2583 1664 2644 prae
1710 2562 1851 2624 aliis
1896 2562 2257 2624 testimonio
2299 2580 2616 2623 commen·

256 2659 410 2720 data
439 2665 553 2734 est,
585 2678 813 2738 nempe
848 2661 1032 2720 unius
1071 2667 1352 2740 potestas
1388 2680 1401 2721 :
1436 2681 1580 2741 quae
1618 2663 1767 2741 quia
1802 2660 2121 2741 publicam
2155 2660 2439 2720 omnium
2480 2679 2612 2720 ser-

253 2759 520 2818 vitutem
564 2776 777 2818 secum
822 2757 944 2818 fert
987 2757 1274 2838 (excepto
1315 2778 1440 2819 uno
1473 2757 1584 2819 illo
1611 2761 1789 2839 quus
1819 2757 2063 2819 libidini
2094 2756 2307 2818 onmia
2331 2756 2609 2836 subjicit)

253 2854 526 2916 heroicis
565 2861 629 2914 et
659 2854 1205 2916 excellentioribus
1238 2856 1506 2935 ingeniis
1547 2857 1757 2917 minus
1796 2855 1944 2917 olim
1986 2853 2332 2934 approbari
2381 2852 2606 2934 potuit.

252 2954 332 3012 At
371 2952 720 3032 Scriptura,
766 2971 892 3032 quo
935 2953 1166 3033 iniquis
1204 2953 1340 3014 istis
1373 2953 1627 3033 judiciis
1664 2958 1979 3030 occurrat,
2020 2951 2247 3012 divinae
2284 2949 2609 3030 sapientiae

253 3050 720 3130 providentiam
747 3070 880 3112 esse
909 3052 1286 3112 nominatim
1315 3052 1595 3112 affirmat
1619 3050 1790 3131 quod
1813 3069 1993 3128 reges
2016 3055 2320 3128 regnant:
2352 3054 2411 3109 et
2432 3067 2615 3128 pecu-

253 3148 498 3210 liariter
529 3168 739 3228 regem
771 3149 1074 3211 honorari
1106 3150 1421 3230 praecipit.
1451 3173 1482 3206 >›
1513 3161 1571 3219 ,s

333 3251 634 3308 Attamen
667 3247 827 3307 inter
855 3250 1241 3308 monendum
1273 3247 1631 3308 christianis
1657 3265 1790 3308 esse
1811 3245 2159 3327 parendum
2199 3245 2611 3323 potestatibus

251 3343 642 3426 quibuslibet
671 3343 1004 3424 sivejustis
1033 3344 1161 3406 sive
1191 3345 1448 3424 iniquis,
1477 3364 1586 3405 seu
1617 3345 1973 3424 imperiosis
2003 3362 2111 3404 seu
2150 3343 2365 3422 aliquo
2398 3341 2605 3420 legum

253 3442 688 3504 moderamine
727 3443 1118 3522 temperatis,
1153 3449 1216 3504 et
1257 3444 1324 3502 in
1363 3448 1532 3503 terra
1576 3442 1689 3502 Dei
1737 3440 2121 3502 daemonisve
2160 3445 2373 3518 partes
2412 3456 2608 3516 agen-

253 3539 445 3613 tibus,
488 3534 805 3612 CalvinUS,
842 3541 908 3600 in
958 3539 1345 3601 absolvendo
1395 3539 1470 3600 de
1530 3538 1698 3600 civili
1741 3537 2046 3616 regimine
2092 3536 2320 3616 capite,
2370 3534 2608 3614 aliquid

252 3637 486 3716 excipit
510 3637 683 3716 quod
715 3643 914 3698 totam
947 3657 1078 3699 rem
1112 3637 1433 3716 redarguit
1453 3642 1514 3699 et
1540 3637 1897 3697 institutam
1929 3647 2218 3696 normam
2242 3634 2608 3712 gravissime

250 3735 520 3797 offendit
543 3740 610 3795 ut
640 3735 920 3796 funditus
948 3755 1128 3816 paene
1160 3743 1360 3796 eruat.
1401 3760 1430 3791 «
1463 3737 1544 3796 At
1570 3753 1716 3795 vero
1744 3735 1805 3794 in
1834 3753 1907 3795 ea
1940 3753 2128 3812 quam
2164 3732 2605 3812 praefectorum

251 3835 534 3916 imperiis
579 3834 792 3896 deberi
838 3834 1279 3897 constituimus
1323 3833 1705 3908 obedientia,
1757 3833 1819 3893 id
1868 3850 2118 3911 semper
2166 3829 2606 3909 excipiendum

249 3940 369 4006 est,
398 3932 527 3994 imo
562 3932 874 4013 imprimis
903 3932 1390 4007 observandum,
1424 3951 1502 3992 ne
1551 3929 1632 3991 ab
1681 3931 1817 4010 ejus
1855 3929 2213 3990 obedientia
2253 3947 2366 3989 nos
2406 3925 2603 3987 dedu-

249 4037 376 4106 cat,
418 4030 599 4110 cujus
651 4029 977 4091 voluntate
1026 4049 1244 4109 regum
1297 4029 1582 4090 omnium
1632 4034 1779 4088 vota
1826 4027 2084 4098 subisse,
2120 4024 2299 4102 cujus
2342 4021 2606 4083 decretis

241 4128 424 4208 jussa
471 4129 716 4201 cedere,
757 4127 936 4207 cujus
977 4127 1294 4208 majestati
1331 4126 1532 4187 fasces
1572 4124 1859 4185 submitti
1898 4143 2019 4203 par
2050 4128 2165 4184 est.
2211 4123 2285 4182 Et
2325 4138 2493 4193 ver0,
2536 4123 2607 4180 ut

245 4225 619 4287 hominibus
648 4225 1016 4299 satisfacias,
1045 4225 1108 4285 in
1139 4226 1273 4305 ejus
1303 4223 1717 4284 offensionem
1757 4223 2073 4282 incurrere
2114 4225 2376 4298 propter
2415 4233 2602 4297 quem

307 4439 353 4486 1.
381 4435 610 4496 Calvini,
641 4433 954 4485 Christianoe
979 4432 1246 4496 reliqionis
1275 4432 1558 4488 Institcctz'O,
1594 4429 1842 4492 Lugduni
1870 4417 2211 4489 Batavorum,
2240 4431 2378 4478 1654.
