3131 5145
1132 1348 1441 1422 CAPUT
1493 1347 2125 1423 DUODECIMUM

448 1660 1027 1709 DE.TYRANNICIDIO
1062 1662 1233 1709 APUD
1270 1660 1710 1728 CATHOLICOS‚
1746 1660 1914 1710 POST
1947 1660 2287 1709 ABOLITAM
2326 1660 2806 1711 HENOTICORUM

625 1767 1325 1834 CONFOEDERATIONEM,
1379 1767 1667 1817 HENRICO
1720 1767 1989 1827 QUARTO
2041 1768 2314 1816 REGNUM
2364 1766 2625 1817 ADEPTO

528 2058 733 2116 Tanta
768 2055 1201 2135 incitamenta,
1236 2056 1491 2135 iltaeque
1530 2056 1608 2115 de
1649 2062 1920 2134 tyranno
1959 2053 2258 2115 caedendo
2299 2052 2691 2114 hortationes
2725 2052 2806 2112 ad

449 2154 806 2214 naturalem
846 2161 1140 2215 eventum
1184 2174 1446 2236 pergere
1484 2152 1821 2215 debebant.
1853 2151 2130 2231 Jamjam
2169 2151 2476 2213 Henricus
2513 2156 2798 2231 quartus,

449 2250 741 2331 abjurata
790 2255 1279 2331 protestantium
1329 2254 1475 2332 fide,
1528 2257 1836 2333 purgatus
1889 2258 1953 2311 et
2007 2250 2379 2312 emendatus
2429 2268 2464 2311 e
2515 2248 2806 2311 manibus

450 2348 907 2429 archiepiscopi
953 2350 1357 2413 Bituricensis
1412 2358 1720 2429 evaserat,
1775 2348 2259 2410 assentientibus
2301 2348 2594 2428 plurimis
2643 2347 2806 2408 inter

450 2446 765 2525 principes
790 2446 1127 2509 Gallicanae
1158 2448 1459 2523 ecclesiae,
1492 2449 1784 2527 intraque
1821 2447 2056 2508 moenia
2094 2464 2208 2506 sua
2245 2464 2389 2506 eum
2419 2444 2643 2505 Parisii
2667 2445 2810 2505 sub·

451 2544 637 2605 misse
677 2552 1074 2625 receperant3
1119 2545 1798 2626 atque'Henoticorum
1840 2543 2292 2607 confoederatio
2334 2543 2414 2604 ad
2453 2548 2802 2604 extremam

450 2643 953 2722 desperationem
988 2643 1243 2704 redacta
1270 2651 1429 2718 erat,
1463 2663 1631 2705 anno
1671 2645 1850 2706 1594.

484 2745 491 2749 “
532 2743 619 2800 Eo
660 2741 797 2820 ipso
826 2747 1111 2821 tempore
1150 2741 1212 2802 in
1254 2747 1446 2822 caput
1478 2741 1732 2804 Henrici
1769 2759 2052 2822 persaepe
2093 2759 2262 2801 mors
2299 2740 2672 2813 intentatur,
2707 2757 2808 2800 ar-

452 2846 831 2918 manturque
876 2840 1175 2900 continuo
1222 2859 1468 2900 manus.
1517 2841 1652 2918 Qua
1689 2839 1933 2899 ratione
1983 2844 2046 2898 et
2079 2856 2271 2899 causa
2311 2856 2348 2898 a
2381 2836 2804 2916 perpetrando

451 2936 730 2996 facinore
776 2939 1101 2998 Barrerius
1150 2937 1505 3017 prohibitus
1544 2937 1626 2998 sit
1661 2956 1778 3017 per
1817 2937 2082 2998 Lutetiae
2125 2935 2517 2997 obsidionem
2567 2935 2804 2996 nemini

452 3051 579 3093 non
609 3041 850 3095 notum.
878 3036 1066 3114 Cujus
1098 3041 1238 3115 post
1268 3037 1453 3097 inane
1484 3035 1804 3114 inceptum
1832 3034 2068 3114 prodiit
2095 3033 2421 3106 CastelluS,
2452 3033 2560 3114 qui
2587 3051 2799 3110 regem

332 3183 337 3190 .
453 3129 654 3191 cultro
694 3130 759 3190 in
798 3131 978 3191 labro
1018 3133 1340 3211 superiore
1380 3133 1690 3213 percussit
1730 3139 1792 3192 et
1829 3131 1964 3212 ipse
2005 3131 2236 3192 excidit
2277 3130 2509 3192 infecta
2550 3149 2650 3207 re;
2697 3130 2826 3220 sed⁹

452 3245 643 3288 eausa
666 3227 783 3287 fuit
814 3245 924 3288 cur
945 3229 1197 3290 Jesuitae
1228 3249 1261 3290 e
1293 3230 1523 3291 finibus
1550 3230 1765 3291 Galliae
1797 3228 2042 3310 expulsi
2073 3235 2242 3290 sunt.

534 3325 647 3385 llla
687 3325 853 3386 enim
896 3327 1174 3388 facinora
1214 3329 1295 3388 ab
1330 3328 1665 3389 obcaecatis
1703 3346 1902 3407 prava
1945 3327 2248 3405 religione
2285 3325 2602 3387 mentibus
2643 3325 2800 3386 orie-

454 3423 705 3495 bantur,
760 3431 821 3485 et
865 3425 1115 3487 Jesuitis
1162 3426 1410 3488 crimini
1456 3426 1676 3486 datum
1727 3433 1820 3486 est
1867 3426 2036 3506 quod
2083 3426 2436 3486 Barrerium
2485 3424 2800 3484 incitavis-

454 3529 592 3582 sent
624 3529 683 3582 et
713 3525 1044 3604 praeceptis
1074 3524 1454 3604 monitisque
1494 3523 1833 3585 Castellum
1863 3523 2357 3602 instigavissent.
2395 3521 2704 3583 Catholici
2741 3527 2802 3582 et

454 3620 562 3699 qui
596 3621 683 3679 eis
724 3627 869 3682 tunc
908 3629 1245 3701 praeerant,
1278 3623 1532 3685 Jesuitae
1564 3623 1984 3704 perhibebant
2022 3642 2150 3684 non
2179 3641 2361 3703 posse
2402 3639 2613 3700 regem
2651 3619 2802 3697 legi-

342 3737 351 3744 ·
454 3717 681 3778 timum
715 3719 887 3798 prius
913 3719 1133 3780 haberi
1166 3721 1260 3782 vel
1292 3723 1407 3782 rite
1434 3722 1792 3783 absolutum
1825 3741 2015 3802 quam
2043 3740 2327 3782 summus
2357 3720 2652 3799 pontifex·
2669 3719 2802 3799 ipse

452 3815 716 3876 solemni
744 3817 995 3896 piaculo
1027 3818 1351 3880 lustrasset
1382 3825 1442 3880 et
1466 3820 1716 3882 indictis
1747 3820 2255 3880 anathematibus
2284 3818 2638 3879 exemisset.

530 3916 871 3996 Postquam
900 3935 1048 3978 vero
1077 3918 1361 3979 Clemens
1383 3919 1686 3998 septimus
1709 3937 1918 3998 regem
1943 3917 2308 3978 solemniter
2328 3915 2722 3991 absolvisset,
2741 3920 2804 3974 et

445 4013 510 4073 in
536 4013 815 4075 fidelium
840 4016 1350 4078 communionem
1374 4016 1749 4094 admisisset,
1777 4015 1978 4076 nihilo
2004 4015 2204 4076 secius
2227 4020 2373 4074 tunc
2394 4010 2802 4074 furentissimi

447 4110 741 4174 homines
779 4113 1105 4176 clamitare
1141 4115 1239 4176 vel
1284 4116 1366 4177 ab
1411 4114 1549 4196 ipso
1590 4133 1838 4175 summo
1887 4113 2186 4193 pontifice
2233 4115 2588 4174 Navarrum
2633 4110 2801 4172 haud

447 4210 724 4289 potuisse
746 4210 889 4289 jure
922 4219 982 4272 et
1014 4213 1128 4273 rite
1149 4212 1414 4291 absolvi,
1446 4221 1911 4292 tyrannumque
1938 4219 2000 4273 et
2026 4217 2466 4291 usurpatorem
2493 4228 2640 4270 eum
2669 4226 2800 4270 esse

447 4306 554 4387 qui
595 4307 991 4368 subditorum
1036 4311 1391 4372 libertatem
1430 4311 1839 4392 opprimeret,
1873 4310 2368 4389 haereticumque
2407 4307 2518 4388 qui
2558 4306 2802 4368 animos

449 4405 849 4486 popularium
882 4407 945 4466 in
977 4408 1395 4488 perditionem
1429 4416 1765 4488 mergeret.
