3131 5145
1549 454 1829 517 „2—

591 593 674 653 Ut
711 609 861 652 vero
903 589 1262 651 accuratius
1301 589 1708 668 exquiramus
1758 607 1886 668 qua
1938 587 2000 647 vi
2038 587 2162 648 acti
2208 605 2413 666 quove
2450 587 2695 648 monitu
2740 587 2870 648 ins-

512 698 688 760 tincti
714 697 942 759 decimi
981 697 1138 758 sexti
1170 694 1362 757 seculi
1394 695 1732 776 scriptores
1763 694 1844 755 ad
1870 694 2033 755 hanc
2074 693 2490 774 quaestionem
2529 693 2607 754 de
2646 699 2868 774 ty‘ran-

511 807 740 868 nicidio
773 805 1168 878 accesserint,
1190 813 1400 884 op'erae
1432 802 1703 884 pretium
1737 808 1832 864 est
1853 803 2069 883 paucis
2090 802 2433 882 explanare
2464 801 2613 881 quid
2640 800 2717 862 de
2746 800 2869 863 hoc

511 913 816 974 senserint
846 911 1043 972 Graeci
1074 917 1136 972 et
1165 910 1457 973 Romani.
1484 911 1781 982 Quamvis
1811 910 1978 970 enim
2006 908 2088 970 ab
2110 909 2233 970 illis
2260 909 2525 970 multum
2554 909 2869 990 discrepet

512 1018 745 1080 Gallica
783 1017 1070 1088 societas
1116 1035 1223 1078 seu
1273 1016 1598 1095 politicam
1639 1023 1906 1097 specteS‚
1950 1015 2077 1077 sive
2117 1015 2486 1094 religionem
2529 1022 2591 1076 et
2634 1035 2863 1090 mores,

511 1127 789 1207 plurima
817 1131 964 1186 sunt
990 1131 1205 1185 tamen
1237 1123 1464 1204 quibus
1495 1142 1633 1198 nOS,
1667 1130 1950 1184 veterum
1982 1123 2165 1203 quasi
2193 1122 2477 1183 haeredes
2508 1130 2571 1184 et
2600 1123 2863 1197 alumni,

511 1238 844 1293 atavorum
882 1230 1174 1290 habitum
1214 1231 1561 1290 referamus
1606 1247 1619 1290 ι
1668 1247 1877 1290 mores
1927 1229 2128 1290 nostri
2171 1233 2232 1289 et
2270 1229 2335 1288 in
2374 1227 2561 1289 rebus
2599 1228 2867 1309 publicis

510 1338 778 1400 assiduae
817 1337 985 1417 apud
1025 1356 1142 1398 nos
1177 1337 1562 1398 mutationes
1598 1337 1779 1416 quasi
1824 1335 1903 1396 ad
1942 1335 2359 1397 imitationem
2389 1336 2864 1396 Atheniensium

510 1445 609 1506 vel
661 1448 1093 1507 Romanorum
1149 1443 1468 1514 evadunt;
1521 1441 1844 1523 discipulis
1892 1441 2293 1503 instituendis
2340 1443 2627 1503 adhibita
2677 1441 2862 1517 rati0‚

511 1550 1131 1632 antiquos-homines
1160 1549 1502 1631 plurimum
1537 1548 1807 1624 imitata,
1842 1567 2058 1610 eorum
2102 1549 2269 1630 apud
2316 1568 2431 1611 nos
2469 1556 2601 1608 tum
2642 1548 2861 1628 depra-

510 1664 690 1720 vatas
712 1656 1063 1738 opiniones,
1091 1676 1286 1737 quum
1309 1655 1681 1718 excellentia
1701 1655 1988 1716 instituta
2012 1655 2398 1735 prorogavit.
2426 1657 2575 1727 Quae
2608 1643 2861 1735 quidem

509 1764 785 1826 affinitas
823 1770 886 1826 et
931 1763 1276 1825 similitudo
1321 1763 1486 1824 inter
1532 1761 1827 1842 gallicam
1866 1769 1931 1823 et
1968 1761 2294 1841 antiquam
2339 1762 2703 1823 societatem
2735 1781 2860 1823 non

512 1870 669 1933 alias
700 1872 1090 1932 manifestius
1119 1871 1385 1932 forsitan
1425 1870 1660 1930 eminet
1700 1887 1891 1950 quam
1931 1869 1994 1929 in
2031 1869 2140 1930 illo
2182 1868 2533 1930 litterarum
2567 1872 2859 1930 Renova-

506 1978 694 2039 tionis
739 1978 974 2050 seculo,
1008 1997 1133 2058 quo
1175 1983 1460 2057 tempore
1500 1976 1838 2038 miratione
1868 1976 1931 2036 in
1965 1982 2204 2038 veteres
2243 1976 2580 2057 scriptores
2614 1976 2857 2056 perciti,

507 2104 612 2147 eos
662 2104 881 2147 omnes
923 2084 1120 2145 nostri
1168 2083 1458 2144 homines
1513 2083 1965 2160 imitabantur,
2020 2090 2082 2144 et
2138 2083 2372 2163 scripta
2425 2083 2733 2144 imitando
2780 2083 2859 2144 ad

508 2210 729 2252 sensus
758 2190 951 2252 etiam
991 2197 1053 2252 et
1090 2190 1283 2251 animi
1323 2190 1584 2250 affectus
1619 2191 2031 2251 resumendos
2069 2189 2299 2250 sensim
2342 2189 2764 2250 declinabant.

587 2298 678 2358 Eo
711 2297 981 2378 pertinet
1010 2297 1204 2376 igitur
1231 2295 1605 2377 opusculum
1637 2301 1948 2371 nostrum,
1980 2303 2049 2357 ut
2074 2315 2643 2357 commemoremus
2670 2301 2859 2377 atque

508 2410 655 2466 ante
688 2404 904 2467 oculos
936 2405 1407 2481 historicorum,
1431 2409 1542 2464 aut
1572 2403 2123 2485 philosophorum,
2156 2404 2460 2465 hactenus
2485 2404 2857 2484 disjunctaS‚

506 2511 763 2574 nuncin
790 2511 1085 2572 eumdem
1120 2511 1327 2574 locum
1361 2531 1398 2570 a
1429 2509 1612 2571 nobis
1650 2516 1923 2583 coactaS,
1958 2510 2302 2572 sententias
2331 2529 2666 2591 ponamUS,
2700 2529 2860 2591 quas

505 2620 583 2681 de
624 2620 1044 2700 tyrannicidio
1104 2624 1544 2697 expresserunt
1604 2626 1665 2679 et
1716 2618 1898 2680 nobis
1954 2617 2355 2679 tradiderunt
2412 2617 2640 2679 decimi
2697 2617 2855 2679 sexti

504 2728 698 2789 seculi
755 2727 1113 2808 scriptores·
1165 2725 1345 2787 Haud
1415 2743 1742 2805 speramus
1800 2725 2053 2807 quidem
2109 2725 2244 2786 fore
2300 2732 2367 2785 ut
2426 2726 2662 2799 omnia,
2715 2745 2855 2805 quae

505 2830 732 2895 dicturi
759 2852 997 2908 summ,
1021 2852 1187 2893 nova
1218 2832 1549 2893 videantur
1578 2832 1905 2905 omnibus;
1942 2831 2050 2893 sed
2076 2832 2307 2893 erimus
2348 2832 2477 2893 voti
2507 2840 2856 2913 compotem

505 2939 555 2999 si
595 2940 808 3001 omnia
849 2958 1097 3019 cogere,
1131 2958 1271 3019 quae
1313 2938 1494 3019 quasi
1534 2938 1789 2999 secretis
1840 2938 2123 3020 dispersa
2156 2938 2585 3000 monumentis
2633 2937 2855 3013 latent,

505 3046 916 3124 potuerimus,
971 3046 1147 3118 Quod
1205 3046 1427 3106 saltem
1484 3063 1720 3105 novum
1772 3045 1912 3123 erit,
1963 3045 2028 3105 ni
2078 3045 2383 3123 fallimur,
2435 3064 2549 3107 nec
2598 3046 2857 3107 forsitan

504 3152 846 3215 admodum
884 3154 1127 3214 inutile.
