3131 5145
1507 416 1793 480 -8-

491 547 727 609 bantur
757 548 800 608 ¹.
841 570 873 605 »
921 549 1207 630 Itemque
1249 549 1416 630 apud
1454 550 1813 631 Appianum
1852 550 1899 630 ²,
1940 551 2118 631 cujus
2159 553 2461 615 severitas
2500 552 2835 615 clementia

491 645 764 725 quadam
802 646 1117 726 etiamque
1157 646 1599 708 benevolentia
1634 648 1703 709 in
1738 649 2005 710 Brutum
2046 649 2453 730 Cassiumque
2482 650 2829 730 mitigatur,

489 763 684 824 quum
731 745 808 805 de
849 744 1186 805 virtutihus
1239 745 1485 806 disserit
1529 745 1761 826 quibus
1801 747 2151 809 inclaruere
2204 754 2267 808 et
2314 747 2391 808 de
2438 747 2608 809 caede
2656 750 2832 828 cujus

487 840 846 922 complures
896 841 1173 904 habuere
1226 843 1532 917 consciOS‚
1567 843 1746 923 cujus
1786 850 2002 905 tamen
2043 850 2306 925 propter
2351 844 2520 924 ipsas
2570 845 2857 908 virtutes-

487 945 884 1019 posterorum
916 939 1156 1019 judicio
1199 939 1329 1001 veri
1363 946 1720 1021 patratores
1757 941 2105 1022 perstitere.

565 1036 682 1098 Sed
716 1036 917 1098 multo
951 1037 1188 1116 majore
1227 1031 1562 1100 miratione
1592 1038 1946 1100 moveberis
1976 1039 2026 1099 si
2066 1039 2345 1101 animum
2379 1039 2723 1101 adverteris
2750 1039 2829 1101 ad

486 1134 944 1217 inspiciendum
991 1135 1138 1215 quid
1185 1142 1337 1198 tunc
1381 1143 1675 1214 ageretur
1715 1137 1777 1196 in
1822 1137 2085 1211 scholis,
2132 1157 2329 1218 quum
2376 1156 2456 1199 ne
2506 1155 2619 1219 per
2663 1156 2827 1199 som·

483 1233 659 1293 nium
701 1233 953 1312 quidem
997 1234 1313 1295 videretur
1352 1235 1448 1294 fas
1497 1254 1632 1295 esse
1674 1235 1968 1298 meditari
2006 1235 2083 1297 de
2125 1235 2513 1296 restituendo
2552 1235 2827 1315 pristinae

484 1329 793 1392 libertatis
843 1337 1031 1392 statu.
1086 1331 1391 1393 Rhetores
1441 1333 1611 1394 enim
1658 1338 1721 1393 et
1768 1332 2057 1413 discipuli
2104 1333 2578 1412 pertrectabant
2623 1351 2827 1412 quaes-

485 1428 686 1490 tiones
729 1428 1004 1490 maxime
1039 1429 1120 1490 ab
1155 1428 1360 1490 aetatis
1403 1430 1730 1510 praesentis
1778 1429 2037 1510 politico
2076 1432 2220 1510 jure
2266 1431 2712 1507 abhorrentes;
2754 1430 2830 1491 de

447 1543 450 1546 ⁴
487 1526 774 1605 tyrannis
821 1532 884 1586 et
924 1527 1001 1587 de
1041 1528 1450 1605 tyrannicidis
1496 1527 1696 1590 fusius
1734 1536 1797 1589 et
1836 1527 2082 1608 prolixe
2120 1527 2531 1602 disserebant,
2572 1528 2831 1608 perinde

497 1642 570 1684 ac
620 1624 672 1684 si
717 1624 972 1685 Periclis
1011 1645 1149 1686 aevo
1190 1627 1490 1686 viverent.
1528 1625 1820 1686 Ceterum
1861 1627 2089 1707 quibus
2137 1627 2421 1706 tyrannis
2462 1625 2834 1687 inherebant

484 1722 711 1783 infensi
754 1741 828 1784 eo
867 1729 1152 1804 tempore
1189 1724 1481 1785 ludorum
1526 1723 1790 1804 alumni,
1833 1724 2011 1785 nulla
2058 1744 2313 1804 prorsus
2352 1732 2485 1786 erat
2527 1743 2669 1785 cum
2709 1720 2833 1784 illis

375 1872 378 1876 .
481 1818 630 1882 viris
679 1821 1000 1882 annalium
1060 1821 1348 1901 tyrannis
1395 1821 1765 1883 similitudo.
1817 1823 2178 1902 Tyrannus,
2226 1841 2497 1903 persona
2547 1822 2833 1883 obsoleta

481 1918 780 1998 locusque
810 1920 1111 1998 pertritus
1139 1918 1347 1979 editur
1384 1925 1446 1978 et
1490 1920 1809 1998 profertur
1843 1920 1959 1979 sub
2000 1921 2173 1982 omni
2208 1920 2492 2001 qualibet
2520 1919 2724 2001 specie
2763 1927 2831 1978 ut

487 2016 768 2096 vulgaris
809 2017 891 2078 ad
937 2016 1336 2078 scribendum
1378 2017 1669 2079 materia.
1715 2017 1812 2080 Illi
1857 2019 2200 2098 impensius
2244 2017 2609 2096 indulgetur
2662 2017 2827 2098 apud

480 2118 729 2175 Graecos
763 2134 940 2194 aeque
980 2133 1052 2176 ac
1086 2115 1344 2176 Latinos
1397 2114 1682 2176 rhetores
1720 2115 1985 2195 grandia
2031 2115 2469 2177 tantummodo
2510 2122 2572 2176 et
2610 2114 2832 2195 putida

484 2213 680 2274 verba
717 2219 1049 2291 sectanteS,
1093 2213 1283 2294 plane
1316 2213 1741 2294 periculorum
1776 2215 1980 2275 securi
2021 2233 2163 2294 quae
2212 2233 2286 2276 ex
2330 2213 2641 2294 ejtismodi
2675 2231 2830 2274 con-

479 2309 796 2372 troversiis
829 2311 978 2372 oriri
1019 2317 1301 2392 possunt.

564 2397 702 2470 Tali
741 2409 933 2471 modo
975 2409 1402 2482 Quintilianus
1444 2409 1599 2470 illud
1640 2410 1838 2488 agitat
1873 2409 1989 2472 suh
2037 2414 2282 2472 Nerone
2328 2417 2391 2471 et
2436 2409 2827 2484 Domitiano;

479 2508 829 2589 eodemque
857 2507 1168 2569 Lucianus
1192 2507 1309 2569 sub
1339 2508 1660 2569 Antonino
1692 2515 1754 2569 et
1780 2510 1988 2570 Marco
2018 2509 2294 2571 Aurelio,
2327 2507 2660 2589 Discipulis
2690 2526 2829 2590 pro·

484 2608 806 2686 ponebant
831 2605 1116 2686 magistri
1155 2605 1234 2667 ad
1266 2606 1753 2668 declamandum
1789 2605 2071 2667 fabulam
2104 2607 2233 2668 sive
2268 2612 2713 2687 argumentum
2755 2605 2830 2666 de

479 2713 750 2786 tyranno
797 2704 1072 2785 quodam
1118 2705 1218 2765 vel
1274 2710 1496 2765 necato
1545 2704 1645 2765 vel
1694 2704 1915 2783 ejecto.
1960 2706 2107 2765 Haec
2158 2710 2272 2778 est,
2324 2705 2388 2764 in
2440 2704 2826 2785 exemplum,

479 2804 751 2865 materia
767 2804 848 2863 ab
873 2802 1011 2882 ipso
1033 2802 1307 2863 Luciano
1328 2820 1520 2881 quam
1538 2801 1999 2881 elegantissime
2025 2802 2375 2881 explicata:
2400 2821 2610 2864 arcem
2637 2803 2829 2864 homo

481 2901 736 2982 quidam
770 2919 966 2980 quum
1000 2900 1382 2962 ascendisset
1415 2899 1495 2961 ad
1527 2899 1939 2961 occidendum
1972 2906 2315 2980 tyrannum
2344 2901 2603 2981 ejusque
2629 2899 2826 2961 filium

479 2998 920 3061 tantummodo
974 2999 1353 3073 invenisset,
1407 3018 1673 3080 puerum
1731 2997 2138 3060 obtruncavit
2186 2999 2386 3079 patris
2432 2998 2828 3079 opprimendi

480 3116 718 3159 exsors,
749 3099 830 3157 At
857 3096 960 3157 ille
990 3098 1439 3178 superveniens
1482 3116 1516 3158 e
1555 3115 1820 3178 corpore
1852 3096 2121 3175 jacentis
2164 3097 2299 3157 nati
2337 3096 2616 3175 gladium
2656 3096 2827 3157 avul-

483 3213 623 3255 sum
661 3194 728 3254 in
762 3200 960 3254 semet
1005 3194 1304 3255 retorsit:
1348 3194 1613 3274 proinde
1662 3201 1910 3255 servata
1956 3200 2051 3255 est
2092 3214 2192 3256 res
2237 3194 2491 3274 publica
2536 3194 2827 3255 et'inter-

409 3312 414 3317 ·
481 3294 682 3371 sector
710 3309 826 3370 pro
856 3290 988 3353 filio
1015 3291 1220 3353 occiso
1245 3292 1412 3353 idem
1441 3293 1650 3370 exegit
1676 3292 2007 3370 praemium
2033 3310 2107 3353 ac
2132 3292 2183 3353 si
2209 3298 2454 3373 patrem
2476 3291 2824 3352 occidisset.

561 3391 642 3451 Ut
680 3407 757 3451 ea
786 3396 1154 3468 tempestate
1189 3389 1743 3451 exercitationibus
1781 3388 2290 3450 informabantur
2326 3407 2455 3449 non
2484 3388 2714 3449 milites
2749 3387 2827 3449 ad

481 3494 832 3549 castrorum
887 3484 1160 3567 bellique
1217 3488 1467 3549 labores
1513 3488 1619 3549 sed
1672 3492 1921 3548 tantum
1971 3485 2051 3547 ad
2106 3488 2410 3548 circenses
2467 3487 2649 3547 ludos
2700 3485 2829 3567 apti

373 3583 378 3589 ’
483 3584 906 3662 aemulatoreS‚
940 3584 1032 3647 ita
1069 3585 1316 3647 dicendi
1354 3604 1460 3647 ars
1492 3586 1791 3665 quaedam
1831 3591 1894 3646 et
1932 3584 2263 3665 disciplina
2300 3584 2649 3664 colebatur,
2687 3603 2826 3664 quae

483 3702 613 3744 non
645 3682 908 3743 idoneos
946 3689 1276 3763 praestaret
1313 3689 1596 3745 oratores
1633 3683 1713 3743 ad
1739 3682 2160 3763 patrocinium
2197 3701 2446 3743 reorum
2484 3683 2827 3763 suscipien-

484 3780 632 3841 dum
665 3779 762 3841 vel
795 3780 959 3841 cives
993 3780 1073 3840 ad
1104 3798 1200 3840 res
1231 3780 1514 3859 publicas
1543 3782 1695 3841 scite
1724 3780 2053 3857 gerendaS‚
2078 3780 2188 3841 sed
2218 3779 2513 3861 loquaces
2548 3784 2826 3843 tantum-

483 3878 673 3940 modo
705 3883 766 3939 et
795 3877 1081 3958 copiosos
1112 3877 1394 3939 rhetores
1423 3878 1699 3939 ridiculis
1728 3876 2251 3939 ostentationibus
2275 3885 2551 3959 paratos

544 4072 588 4119 1.
621 4070 907 4119 Annalium
931 4070 1024 4120 lib.
1051 4070 1138 4133 111,
1168 4074 1242 4121 76.

540 4142 587 4189 2.
618 4141 694 4189 De
725 4140 856 4190 bello
881 4140 1033 4200 civili,
1069 4142 1164 4191 lib.
1195 4142 1281 4203 IV,
1316 4144 1423 4205 114,
1451 4144 1558 4205 123,
1592 4144 1807 4192 132-135.
