3131 5145
1313 1249 1623 1324 CAPUT
1676 1249 2109 1336 QUINTUM

531 1555 690 1614 QUID
730 1554 815 1602 DE
854 1550 1321 1638 TYnaNNIGIDIO
1359 1548 1570 1599 PRIMO
1617 1549 1936 1600 INGRESSU
1974 1551 2331 1601 SENSERINT
2368 1550 2872 1604 PROTESTANTES

613 1813 822 1874 Primo
849 1812 1131 1892 ingressu
1156 1810 1542 1872 Reformatio
1583 1808 1956 1888 religionem
1987 1812 2429 1873 tantummodo
2468 1833 2601 1892 prae
2637 1833 2702 1874 se
2729 1816 2867 1890 fert,

533 1933 644 1974 nec
677 1913 755 1974 ad
784 1910 1176 1993 publicarum
1208 1927 1419 1969 rerum
1449 1905 1742 1968 habitum
1768 1914 2031 1990 spectat,
2068 1914 2177 1969 aut
2207 1909 2563 1971 institutum
2585 1912 2870 1974 ordinem

531 2008 1070 2072 commutandum.
1106 2007 1284 2080 Quod
1314 2001 1502 2086 plane
1531 2003 1798 2084 intelligi
1827 2011 2032 2085 potest
2054 2025 2131 2067 ex
2152 2007 2493 2086 perspectis
2516 2008 2694 2070 libris
2717 2029 2871 2090 quos

529 2107 857 2170 ediderunt
896 2107 1021 2168 duo
1060 2104 1297 2184 egregii
1339 2102 1827 2184 protestantium
1876 2103 2220 2185 principeS,
2266 2105 2578 2167 Lutherus
2620 2114 2682 2167 et
2727 2109 2869 2170 Cal-

528 2207 729 2268 vinus,
835 2270 837 2272 ,

607 2304 914 2365 Lutherus
961 2300 1256 2365 conviciis
1313 2299 1719 2380 prosequitur
1767 2295 2032 2360 rebelles
2087 2300 2351 2362 rusticos
2408 2302 2760 2364 Germaniae
2810 2310 2871 2364 et

522 2421 629 2464 eos
657 2400 736 2462 ad
781 2399 1107 2462 toleranda
1145 2396 1454 2459 submisse
1496 2395 1665 2457 mala
1720 2395 2013 2457 hortatur
2056 2397 2343 2475 quamvis
2379 2397 2475 2457 illi
2500 2398 2870 2477 justissimis

523 2499 846 2581 questibus
883 2497 1264 2558 invehantur
1294 2494 1360 2555 in
1398 2494 1629 2555 durum
1688 2493 2090 2554 dominorum
2145 2494 2489 2556 servitium.
2538 2497 2871 2577 Evangelii

521 2596 860 2661 secundum
895 2596 1260 2657 Matthaeum
1293 2593 1429 2655 haec
1459 2591 1653 2653 verba
1686 2600 2146 2654 commemorat
2179 2614 2192 2653 τ
2235 2617 2265 2650 «
2296 2594 2494 2669 Beati,
2528 2595 2638 2675 qui
2670 2615 2873 2676 perse-

523 2696 838 2756 cutionem
865 2693 1194 2773 patiuntur
1215 2695 1472 2773 propter
1484 2689 1795 2771 justitiam
1803 2736 1925 2752 .....
1954 2692 2082 2768 Ego
2109 2697 2319 2751 autem
2350 2690 2491 2753 dico
2513 2693 2714 2769 vobis,
2740 2713 2869 2755 non

523 2792 808 2853 resistere
851 2789 1019 2850 malo
1065 2806 1079 2850 :
1123 2790 1232 2849 sed
1277 2788 1331 2849 si
1369 2788 1508 2867 quis
1537 2790 1605 2847 te
1649 2787 2019 2866 percusserit
2060 2788 2127 2848 in
2172 2789 2495 2850 dexteram
2539 2789 2865 2850 maxillam

523 2897 720 2973 tuam,
759 2890 970 2969 praebe
1017 2888 1111 2948 illi
1152 2894 1216 2949 et
1268 2887 1553 2947 alteram.
1607 2910 1637 2941 »
1680 2886 1965 2947 Miranda
2008 2893 2171 2947 certe
2212 2887 2425 2960 verba,
2463 2887 2569 2949 sed
2611 2886 2869 2949 duriora

521 2986 939 3065 gementibuS,
975 2992 1038 3046 et
1085 2985 1310 3065 quibus
1354 2983 1541 3063 plane
1583 2982 1765 3045 nobis
1813 2983 2010 3064 liquet
2064 2989 2369 3062 quantum
2417 2984 2663 3045 intersit
2704 2985 2871 3046 inter

520 3084 881 3161 religiosum
908 3082 1180 3143 ineuntis
1202 3081 1690 3142 Reformationis
1712 3082 1933 3141 ilatum
1964 3086 2025 3141 et
2051 3081 2556 3162 philosophicum
2582 3082 2865 3144 animum

518 3201 644 3260 quo
703 3185 922 3259 postea
970 3178 1269 3239 instincta
1311 3183 1424 3239 est.
1477 3179 1548 3237 In
1602 3176 1996 3238 Sermonibus
2048 3179 2397 3239 coenatoriis
2458 3180 2509 3253 ¹,
2552 3179 2867 3240 Lutherus

516 3278 867 3359 expressius
907 3283 1179 3337 mentem
1229 3294 1407 3336 suam
1457 3276 1692 3353 aperit,
1734 3275 2027 3336 dictitans
2068 3295 2130 3336 se
2176 3295 2303 3337 non
2346 3276 2718 3356 imperatori
2758 3276 2866 3337 sed

513 3395 695 3456 papae
718 3373 1000 3450 gladium
1021 3374 1284 3454 eripere,
1307 3373 1416 3435 illo
1445 3373 1677 3434 Christi
1704 3379 2021 3453 praecepto
2048 3374 2359 3435 obtestato
2388 3392 2401 3433 :
2430 3373 2693 3435 Reddite
2720 3394 2865 3454 quae

509 3479 656 3534 sunt
688 3472 952 3534 Caesaris
985 3472 1211 3533 Caesari
1239 3478 1300 3532 et
1321 3491 1465 3551 quae
1491 3477 1637 3532 sunt
1667 3471 1775 3531 Dei
1799 3472 1947 3532 Deo.
1984 3474 2059 3531 Et
2090 3472 2300 3551 quoad
2344 3471 2858 3549 tyrannicidium,

512 3570 706 3631 cuivis
756 3570 1002 3647 privato
1051 3589 1177 3630 non
1225 3569 1411 3631 licere
1457 3575 1797 3648 tyrannum
1842 3568 2084 3629 caedere
2132 3569 2447 3631 Lutherus
2507 3575 2859 3644 asseverat,

513 3672 855 3731 secundum
884 3669 1040 3731 illud
1071 3671 1180 3730 Dei
1209 3671 1580 3732 mandatum
1616 3690 1629 3732 ε
1664 3673 1801 3731 Non
1827 3670 2094 3757 occides:

594 3769 891 3830 Eamdem
915 3788 1045 3849 prae
1078 3788 1141 3829 se
1163 3768 1352 3847 gessit
1375 3768 1749 3830 modestiam
1778 3754 2076 3830 Calvinus
2093 3775 2156 3830 et
2178 3768 2603 3831 indesinenter
2628 3788 2707 3830 ex
2728 3768 2864 3831 offi-

511 3867 607 3927 cio
639 3886 770 3928 esse
800 3866 1042 3945 legibus
1064 3865 1331 3947 publicis
1361 3886 1584 3947 parere
1615 3873 1677 3927 et
1709 3867 2070 3928 auctoritati
2105 3868 2594 3945 magistratuum
2636 3856 2855 3927 suasit.

510 3966 703 4025 Totus
733 3964 797 4023 in
823 3963 1206 4025 instituenda
1235 3962 1520 4039 ecclesia,
1555 3964 1883 4045 magisque
1913 3965 2110 4025 fretus
2135 3970 2486 4045 martyrum
2528 3970 2592 4025 et
2632 3964 2859 4043 praedi-

510 4063 787 4123 cantium
817 4064 1046 4123 virtute
1073 4082 1263 4142 quam
1304 4062 1576 4124 militum
1620 4062 1932 4142 manibus,
1962 4064 2204 4123 censuit
2244 4062 2702 4124 Reformationi
2731 4081 2860 4123 non

506 4178 636 4221 esse
673 4158 1114 4221 declinandum
1157 4178 1194 4220 a
1232 4178 1411 4221 mera
1451 4160 1757 4238 religione
1794 4178 1909 4219 nec
1960 4158 2292 4221 ambitioni
2342 4158 2702 4241 principum
2752 4166 2861 4219 aut

565 4372 609 4420 1.
643 4372 796 4432 Vide,
822 4372 964 4433 apud
991 4371 1255 4432 Michelet,
1286 4372 1557 4421 Memoires
1593 4371 1659 4422 de
1697 4372 1915 4431 Luther,
1950 4378 1983 4422 t.
2018 4374 2082 4435 ΙΙ,
2110 4388 2163 4437 p.
2192 4374 2307 4424 243.
