<?xml version="1.0" encoding="UTF-8"?>
<!DOCTYPE html PUBLIC "-//W3C//DTD XHTML 1.0 Transitional//EN"
    "http://www.w3.org/TR/xhtml1/DTD/xhtml1-transitional.dtd">
<html xmlns="http://www.w3.org/1999/xhtml" xml:lang="en" lang="en">
 <head>
  <title>
</title>
<meta http-equiv="Content-Type" content="text/html;charset=utf-8" />
  <meta name='ocr-system' content='tesseract 3.04.00' />
  <meta name='ocr-capabilities' content='ocr_page ocr_carea ocr_par ocr_line ocrx_word'/>
</head>
<body>
  <div class='ocr_page' id='page_1' title='image "./detyrannicidica00douagoog_0116.png"; bbox 0 0 3131 5145; ppageno 0'>
   <div class='ocr_carea' id='block_1_1' title="bbox 1528 458 1846 523">
    <p class='ocr_par' dir='ltr' id='par_1_1' title="bbox 1528 458 1846 523">
     <span class='ocr_line' id='line_1_1' title="bbox 1528 458 1846 523; baseline -0.006 -16"><span class='ocrx_word' id='word_1_1' title='bbox 1528 458 1846 523; x_wconf 80' lang='grc'><strong>-98-</strong></span> 
     </span>
    </p>
   </div>
   <div class='ocr_carea' id='block_1_2' title="bbox 508 593 2872 1461">
    <p class='ocr_par' dir='ltr' id='par_1_2' title="bbox 509 593 2872 971">
     <span class='ocr_line' id='line_1_2' title="bbox 513 593 2872 675; baseline -0.001 -16"><span class='ocrx_word' id='word_1_2' title='bbox 513 597 788 659; x_wconf 85' lang='lat' dir='ltr'>absurda</span> <span class='ocrx_word' id='word_1_3' title='bbox 816 603 879 657; x_wconf 88' lang='lat' dir='ltr'>et</span> <span class='ocrx_word' id='word_1_4' title='bbox 908 596 1147 675; x_wconf 86' lang='lat' dir='ltr'>gravia,</span> <span class='ocrx_word' id='word_1_5' title='bbox 1182 595 1670 657; x_wconf 78' lang='lat' dir='ltr'>concinnitatem</span> <span class='ocrx_word' id='word_1_6' title='bbox 1705 602 1766 655; x_wconf 90' lang='lat' dir='ltr'>et</span> <span class='ocrx_word' id='word_1_7' title='bbox 1795 594 2012 655; x_wconf 85' lang='lat' dir='ltr'>sordes</span> <span class='ocrx_word' id='word_1_8' title='bbox 2044 594 2352 674; x_wconf 80' lang='lat' dir='ltr'>proferat.</span> <span class='ocrx_word' id='word_1_9' title='bbox 2384 593 2548 655; x_wconf 88' lang='lat' dir='ltr'>Illud</span> <span class='ocrx_word' id='word_1_10' title='bbox 2579 601 2872 657; x_wconf 86' lang='lat' dir='ltr'>nostrum</span> 
     </span>
     <span class='ocr_line' id='line_1_3' title="bbox 512 692 2867 774; baseline -0.001 -16"><span class='ocrx_word' id='word_1_11' title='bbox 512 695 862 759; x_wconf 86' lang='lat' dir='ltr'>Pascalium</span> <span class='ocrx_word' id='word_1_12' title='bbox 923 694 1204 756; x_wconf 89' lang='lat' dir='ltr'>omisisse</span> <span class='ocrx_word' id='word_1_13' title='bbox 1256 692 1444 774; x_wconf 91' lang='lat' dir='ltr'>plane</span> <span class='ocrx_word' id='word_1_14' title='bbox 1502 692 2010 767; x_wconf 87' lang='lat' dir='ltr'>desiderandum,</span> <span class='ocrx_word' id='word_1_15' title='bbox 2064 712 2342 773; x_wconf 89' lang='lat' dir='ltr'>namque</span> <span class='ocrx_word' id='word_1_16' title='bbox 2389 693 2452 754; x_wconf 91' lang='lat' dir='ltr'>in</span> <span class='ocrx_word' id='word_1_17' title='bbox 2503 693 2732 754; x_wconf 85' lang='lat' dir='ltr'>litteris</span> <span class='ocrx_word' id='word_1_18' title='bbox 2787 696 2867 755; x_wconf 88' lang='lat' dir='ltr'>ad</span> 
     </span>
     <span class='ocr_line' id='line_1_4' title="bbox 513 789 2866 871; baseline -0.002 -16"><span class='ocrx_word' id='word_1_19' title='bbox 513 792 967 856; x_wconf 88' lang='lat' dir='ltr'>Provincialem</span> <span class='ocrx_word' id='word_1_20' title='bbox 1018 791 1288 853; x_wconf 87' lang='lat' dir='ltr'>amicum</span> <span class='ocrx_word' id='word_1_21' title='bbox 1334 791 1580 871; x_wconf 88' lang='lat' dir='ltr'>scriptis</span> <span class='ocrx_word' id='word_1_22' title='bbox 1635 789 1834 852; x_wconf 89' lang='lat' dir='ltr'>multo</span> <span class='ocrx_word' id='word_1_23' title='bbox 1881 790 2086 871; x_wconf 83' lang='lat' dir='ltr'>magis</span> <span class='ocrx_word' id='word_1_24' title='bbox 2133 809 2326 871; x_wconf 86' lang='lat' dir='ltr'>quam</span> <span class='ocrx_word' id='word_1_25' title='bbox 2387 790 2514 852; x_wconf 88' lang='lat' dir='ltr'>alia</span> <span class='ocrx_word' id='word_1_26' title='bbox 2569 792 2866 871; x_wconf 69' lang='lat' dir='ltr'>quaedam</span> 
     </span>
     <span class='ocr_line' id='line_1_5' title="bbox 509 887 1284 971; baseline -0.004 -19"><span class='ocrx_word' id='word_1_27' title='bbox 509 892 898 971; x_wconf 68' lang='lat' dir='ltr'>pertinenter</span> <span class='ocrx_word' id='word_1_28' title='bbox 926 887 1284 951; x_wconf 80' lang='lat' dir='ltr'>affulsisset.</span> 
     </span>
    </p>

    <p class='ocr_par' dir='ltr' id='par_1_3' title="bbox 508 985 2862 1461">
     <span class='ocr_line' id='line_1_6' title="bbox 588 985 2862 1067; baseline 0 -18"><span class='ocrx_word' id='word_1_29' title='bbox 588 992 727 1051; x_wconf 92' lang='lat' dir='ltr'>Non</span> <span class='ocrx_word' id='word_1_30' title='bbox 760 989 931 1050; x_wconf 85' lang='lat' dir='ltr'>solus</span> <span class='ocrx_word' id='word_1_31' title='bbox 971 994 1063 1048; x_wconf 88' lang='lat' dir='ltr'>est</span> <span class='ocrx_word' id='word_1_32' title='bbox 1102 986 1381 1048; x_wconf 85' lang='lat' dir='ltr'>Mariana</span> <span class='ocrx_word' id='word_1_33' title='bbox 1413 985 1859 1063; x_wconf 79' lang='lat' dir='ltr'>theologorum</span> <span class='ocrx_word' id='word_1_34' title='bbox 1897 1004 1930 1047; x_wconf 89' lang='lat' dir='ltr'>e</span> <span class='ocrx_word' id='word_1_35' title='bbox 1973 986 2282 1049; x_wconf 88' lang='lat' dir='ltr'>Societate</span> <span class='ocrx_word' id='word_1_36' title='bbox 2325 988 2472 1049; x_wconf 87' lang='lat' dir='ltr'>Jcsu</span> <span class='ocrx_word' id='word_1_37' title='bbox 2501 986 2611 1067; x_wconf 86' lang='lat' dir='ltr'>qui</span> <span class='ocrx_word' id='word_1_38' title='bbox 2641 993 2862 1065; x_wconf 87' lang='lat' dir='ltr'>tyran-</span> 
     </span>
     <span class='ocr_line' id='line_1_7' title="bbox 509 1084 2860 1169; baseline -0.002 -20"><span class='ocrx_word' id='word_1_39' title='bbox 509 1087 814 1149; x_wconf 89' lang='lat' dir='ltr'>nicidium</span> <span class='ocrx_word' id='word_1_40' title='bbox 864 1084 1390 1166; x_wconf 77' lang='lat' dir='ltr'>comprobaverit,</span> <span class='ocrx_word' id='word_1_41' title='bbox 1434 1092 1504 1145; x_wconf 92' lang='lat' dir='ltr'>ut</span> <span class='ocrx_word' id='word_1_42' title='bbox 1543 1085 1730 1164; x_wconf 91' lang='lat' dir='ltr'>plane</span> <span class='ocrx_word' id='word_1_43' title='bbox 1774 1084 1980 1163; x_wconf 82' lang='lat' dir='ltr'>liquet·</span> <span class='ocrx_word' id='word_1_44' title='bbox 2021 1085 2400 1147; x_wconf 87' lang='lat' dir='ltr'>Jesuitarum</span> <span class='ocrx_word' id='word_1_45' title='bbox 2463 1085 2745 1169; x_wconf 53' lang='lat' dir='ltr'>historiis</span> <span class='ocrx_word' id='word_1_46' title='bbox 2802 1093 2860 1145; x_wconf 87' lang='lat' dir='ltr'>et</span> 
     </span>
     <span class='ocr_line' id='line_1_8' title="bbox 509 1181 2854 1261; baseline -0.001 -16"><span class='ocrx_word' id='word_1_47' title='bbox 509 1186 829 1247; x_wconf 84' lang='lat' dir='ltr'>sententiis</span> <span class='ocrx_word' id='word_1_48' title='bbox 852 1183 1233 1245; x_wconf 83' lang='lat' dir='ltr'>Jesuitarum</span> <span class='ocrx_word' id='word_1_49' title='bbox 1267 1181 1626 1243; x_wconf 82' lang='lat' dir='ltr'>auctoritati</span> <span class='ocrx_word' id='word_1_50' title='bbox 1665 1200 1884 1261; x_wconf 80' lang='lat' dir='ltr'>regum</span> <span class='ocrx_word' id='word_1_51' title='bbox 1918 1188 1980 1242; x_wconf 88' lang='lat' dir='ltr'>et</span> <span class='ocrx_word' id='word_1_52' title='bbox 2008 1181 2153 1243; x_wconf 83' lang='lat' dir='ltr'>vitae</span> <span class='ocrx_word' id='word_1_53' title='bbox 2187 1182 2464 1245; x_wconf 85' lang='lat' dir='ltr'>exitiosis</span> <span class='ocrx_word' id='word_1_54' title='bbox 2495 1184 2552 1244; x_wconf 60' lang='lat' dir='ltr'>¹..ss</span> <span class='ocrx_word' id='word_1_55' title='bbox 2577 1183 2854 1254; x_wconf 81' lang='lat' dir='ltr'>SoariuS,</span> 
     </span>
     <span class='ocr_line' id='line_1_9' title="bbox 512 1279 2856 1360; baseline -0.002 -15"><span class='ocrx_word' id='word_1_56' title='bbox 512 1304 671 1345; x_wconf 88' lang='lat' dir='ltr'>unus</span> <span class='ocrx_word' id='word_1_57' title='bbox 699 1303 732 1345; x_wconf 90' lang='lat' dir='ltr'>e</span> <span class='ocrx_word' id='word_1_58' title='bbox 759 1283 1021 1343; x_wconf 89' lang='lat' dir='ltr'>summis</span> <span class='ocrx_word' id='word_1_59' title='bbox 1050 1281 1215 1341; x_wconf 87' lang='lat' dir='ltr'>illius</span> <span class='ocrx_word' id='word_1_60' title='bbox 1246 1279 1575 1342; x_wconf 86' lang='lat' dir='ltr'>Societatis</span> <span class='ocrx_word' id='word_1_61' title='bbox 1604 1286 1666 1340; x_wconf 91' lang='lat' dir='ltr'>et</span> <span class='ocrx_word' id='word_1_62' title='bbox 1692 1280 1822 1341; x_wconf 87' lang='lat' dir='ltr'>fere</span> <span class='ocrx_word' id='word_1_63' title='bbox 1850 1281 2134 1341; x_wconf 86' lang='lat' dir='ltr'>omnium</span> <span class='ocrx_word' id='word_1_64' title='bbox 2167 1287 2524 1360; x_wconf 89' lang='lat' dir='ltr'>temporum</span> <span class='ocrx_word' id='word_1_65' title='bbox 2547 1300 2587 1341; x_wconf 87' lang='lat' dir='ltr'>a</span> <span class='ocrx_word' id='word_1_66' title='bbox 2612 1280 2856 1343; x_wconf 84' lang='lat' dir='ltr'>Thoma</span> 
     </span>
     <span class='ocr_line' id='line_1_10' title="bbox 508 1378 2264 1461; baseline -0.003 -16"><span class='ocrx_word' id='word_1_67' title='bbox 508 1382 843 1461; x_wconf 72' lang='lat' dir='ltr'>theologie,</span> <span class='ocrx_word' id='word_1_68' title='bbox 875 1381 1039 1441; x_wconf 87' lang='lat' dir='ltr'>hanc</span> <span class='ocrx_word' id='word_1_69' title='bbox 1068 1379 1355 1443; x_wconf 89' lang='lat' dir='ltr'>camdem</span> <span class='ocrx_word' id='word_1_70' title='bbox 1378 1378 1736 1439; x_wconf 83' lang='lat' dir='ltr'>doctrinam</span> <span class='ocrx_word' id='word_1_71' title='bbox 1765 1379 2228 1455; x_wconf 55' lang='lat' dir='ltr'>confirmavit„</span> <span class='ocrx_word' id='word_1_72' title='bbox 2259 1416 2264 1419; x_wconf 96' lang='lat'>-</span> 
     </span>
    </p>
   </div>
   <div class='ocr_carea' id='block_1_3' title="bbox 393 1476 2846 1558">
    <p class='ocr_par' dir='ltr' id='par_1_4' title="bbox 393 1476 2846 1558">
     <span class='ocr_line' id='line_1_11' title="bbox 393 1476 2846 1558; baseline -0.002 -14"><span class='ocrx_word' id='word_1_73' title='bbox 393 1537 400 1544; x_wconf 83' lang='grc'><strong>.</strong></span> <span class='ocrx_word' id='word_1_74' title='bbox 431 1482 436 1486; x_wconf 76' lang='grc'>’</span> <span class='ocrx_word' id='word_1_75' title='bbox 534 1521 543 1539; x_wconf 58' lang='grc' dir='ltr'><strong><em>ι</em></strong></span> <span class='ocrx_word' id='word_1_76' title='bbox 585 1484 653 1541; x_wconf 89' lang='lat' dir='ltr'>In</span> <span class='ocrx_word' id='word_1_77' title='bbox 676 1481 861 1541; x_wconf 88' lang='lat' dir='ltr'>tertio</span> <span class='ocrx_word' id='word_1_78' title='bbox 887 1480 977 1541; x_wconf 86' lang='lat' dir='ltr'>De</span> <span class='ocrx_word' id='word_1_79' title='bbox 1003 1477 1235 1558; x_wconf 74' lang='lat' dir='ltr'>leqibus</span> <span class='ocrx_word' id='word_1_80' title='bbox 1262 1477 1446 1550; x_wconf 87' lang='lat' dir='ltr'>libro,</span> <span class='ocrx_word' id='word_1_81' title='bbox 1474 1477 1858 1555; x_wconf 84' lang='lat' dir='ltr'>pedetentim</span> <span class='ocrx_word' id='word_1_82' title='bbox 1888 1476 2527 1556; x_wconf 7' lang='lat' dir='ltr'>doctrinamssThomae</span> <span class='ocrx_word' id='word_1_83' title='bbox 2551 1484 2846 1539; x_wconf 87' lang='lat' dir='ltr'>sectatur.</span> 
     </span>
    </p>
   </div>
   <div class='ocr_carea' id='block_1_4' title="bbox 448 1574 2868 2642">
    <p class='ocr_par' dir='ltr' id='par_1_5' title="bbox 497 1574 2852 2345">
     <span class='ocr_line' id='line_1_12' title="bbox 508 1574 2848 1655; baseline -0.002 -15"><span class='ocrx_word' id='word_1_84' title='bbox 508 1580 569 1641; x_wconf 90' lang='lat' dir='ltr'>Si</span> <span class='ocrx_word' id='word_1_85' title='bbox 600 1597 709 1638; x_wconf 88' lang='lat' dir='ltr'>rex</span> <span class='ocrx_word' id='word_1_86' title='bbox 739 1575 1056 1654; x_wconf 84' lang='lat' dir='ltr'>legitimus</span> <span class='ocrx_word' id='word_1_87' title='bbox 1071 1575 1325 1654; x_wconf 85' lang='lat' dir='ltr'>jusserit</span> <span class='ocrx_word' id='word_1_88' title='bbox 1352 1574 1588 1654; x_wconf 86' lang='lat' dir='ltr'>injusta</span> <span class='ocrx_word' id='word_1_89' title='bbox 1613 1574 1934 1655; x_wconf 80' lang='lat' dir='ltr'>quaedam,</span> <span class='ocrx_word' id='word_1_90' title='bbox 1960 1594 2067 1635; x_wconf 89' lang='lat' dir='ltr'>seu</span> <span class='ocrx_word' id='word_1_91' title='bbox 2097 1576 2268 1653; x_wconf 87' lang='lat' dir='ltr'>leges</span> <span class='ocrx_word' id='word_1_92' title='bbox 2288 1575 2538 1654; x_wconf 84' lang='lat' dir='ltr'>iniquas</span> <span class='ocrx_word' id='word_1_93' title='bbox 2563 1575 2848 1650; x_wconf 87' lang='lat' dir='ltr'>ediderit,</span> 
     </span>
     <span class='ocr_line' id='line_1_13' title="bbox 504 1662 2851 1755; baseline -0.001 -19"><span class='ocrx_word' id='word_1_94' title='bbox 504 1676 658 1737; x_wconf 88' lang='lat' dir='ltr'>nibil</span> <span class='ocrx_word' id='word_1_95' title='bbox 706 1675 877 1736; x_wconf 88' lang='lat' dir='ltr'>aliud</span> <span class='ocrx_word' id='word_1_96' title='bbox 932 1693 1119 1753; x_wconf 90' lang='lat' dir='ltr'>quam</span> <span class='ocrx_word' id='word_1_97' title='bbox 1156 1662 1514 1733; x_wconf 83' lang='lat' dir='ltr'>&#39;abnuenda</span> <span class='ocrx_word' id='word_1_98' title='bbox 1573 1672 1966 1749; x_wconf 83' lang='lat' dir='ltr'>obedientia3</span> <span class='ocrx_word' id='word_1_99' title='bbox 2011 1672 2246 1754; x_wconf 87' lang='lat' dir='ltr'>quippe</span> <span class='ocrx_word' id='word_1_100' title='bbox 2301 1673 2400 1733; x_wconf 84' lang='lat' dir='ltr'>lex</span> <span class='ocrx_word' id='word_1_101' title='bbox 2449 1674 2668 1755; x_wconf 87' lang='lat' dir='ltr'>iniqua</span> <span class='ocrx_word' id='word_1_102' title='bbox 2723 1694 2851 1736; x_wconf 88' lang='lat' dir='ltr'>non</span> 
     </span>
     <span class='ocr_line' id='line_1_14' title="bbox 500 1770 2846 1854; baseline -0.001 -19"><span class='ocrx_word' id='word_1_103' title='bbox 500 1774 653 1854; x_wconf 84' lang='lat' dir='ltr'>legis</span> <span class='ocrx_word' id='word_1_104' title='bbox 684 1774 823 1834; x_wconf 89' lang='lat' dir='ltr'>loco</span> <span class='ocrx_word' id='word_1_105' title='bbox 850 1772 1074 1833; x_wconf 88' lang='lat' dir='ltr'>haberi</span> <span class='ocrx_word' id='word_1_106' title='bbox 1103 1776 1329 1852; x_wconf 82' lang='lat' dir='ltr'>potest.</span> <span class='ocrx_word' id='word_1_107' title='bbox 1368 1772 1487 1832; x_wconf 88' lang='lat' dir='ltr'>Sed</span> <span class='ocrx_word' id='word_1_108' title='bbox 1517 1772 1584 1831; x_wconf 89' lang='lat' dir='ltr'>in</span> <span class='ocrx_word' id='word_1_109' title='bbox 1615 1778 2082 1851; x_wconf 83' lang='lat' dir='ltr'>usurpatorem,</span> <span class='ocrx_word' id='word_1_110' title='bbox 2111 1771 2177 1832; x_wconf 91' lang='lat' dir='ltr'>in</span> <span class='ocrx_word' id='word_1_111' title='bbox 2218 1779 2555 1851; x_wconf 87' lang='lat' dir='ltr'>tyrannum</span> <span class='ocrx_word' id='word_1_112' title='bbox 2589 1770 2846 1845; x_wconf 87' lang='lat' dir='ltr'>scilicet,</span> 
     </span>
     <span class='ocr_line' id='line_1_15' title="bbox 499 1869 2845 1955; baseline 0.002 -26"><span class='ocrx_word' id='word_1_113' title='bbox 499 1874 673 1955; x_wconf 83' lang='lat' dir='ltr'>quod</span> <span class='ocrx_word' id='word_1_114' title='bbox 698 1871 778 1932; x_wconf 88' lang='lat' dir='ltr'>ab</span> <span class='ocrx_word' id='word_1_115' title='bbox 804 1869 1079 1949; x_wconf 76' lang='lat' dir='ltr'>antiquis</span> <span class='ocrx_word' id='word_1_116' title='bbox 1099 1878 1471 1949; x_wconf 89' lang='lat' dir='ltr'>usurpatum</span> <span class='ocrx_word' id='word_1_117' title='bbox 1506 1876 1599 1929; x_wconf 88' lang='lat' dir='ltr'>est</span> <span class='ocrx_word' id='word_1_118' title='bbox 1632 1888 1889 1944; x_wconf 90' lang='lat' dir='ltr'>nomen,</span> <span class='ocrx_word' id='word_1_119' title='bbox 1913 1870 2163 1948; x_wconf 84' lang='lat' dir='ltr'>longius</span> <span class='ocrx_word' id='word_1_120' title='bbox 2185 1876 2426 1950; x_wconf 88' lang='lat' dir='ltr'>spectat</span> <span class='ocrx_word' id='word_1_121' title='bbox 2451 1870 2555 1950; x_wconf 83' lang='lat' dir='ltr'>jus</span> <span class='ocrx_word' id='word_1_122' title='bbox 2575 1872 2798 1951; x_wconf 91' lang='lat' dir='ltr'>populi</span> <span class='ocrx_word' id='word_1_123' title='bbox 2832 1892 2845 1933; x_wconf 91' lang='lat'>:</span> 
     </span>
     <span class='ocr_line' id='line_1_16' title="bbox 498 1966 2852 2048; baseline -0.001 -15"><span class='ocrx_word' id='word_1_124' title='bbox 498 1979 561 2034; x_wconf 85' lang='lat' dir='ltr'>et</span> <span class='ocrx_word' id='word_1_125' title='bbox 601 1972 689 2031; x_wconf 71' lang='lat' dir='ltr'>de·</span> <span class='ocrx_word' id='word_1_126' title='bbox 720 1988 892 2030; x_wconf 90' lang='lat' dir='ltr'>more</span> <span class='ocrx_word' id='word_1_127' title='bbox 933 1968 1213 2045; x_wconf 80' lang='lat' dir='ltr'>legitimo</span> <span class='ocrx_word' id='word_1_128' title='bbox 1246 1972 1307 2027; x_wconf 86' lang='lat' dir='ltr'>et</span> <span class='ocrx_word' id='word_1_129' title='bbox 1338 1966 1398 2027; x_wconf 82' lang='lat' dir='ltr'>vi</span> <span class='ocrx_word' id='word_1_130' title='bbox 1426 1966 1517 2026; x_wconf 90' lang='lat' dir='ltr'>illi</span> <span class='ocrx_word' id='word_1_131' title='bbox 1552 1966 1807 2027; x_wconf 88' lang='lat' dir='ltr'>obviam</span> <span class='ocrx_word' id='word_1_132' title='bbox 1843 1968 2119 2028; x_wconf 89' lang='lat' dir='ltr'>eundum</span> <span class='ocrx_word' id='word_1_133' title='bbox 2155 1976 2222 2027; x_wconf 88' lang='lat' dir='ltr'>ut</span> <span class='ocrx_word' id='word_1_134' title='bbox 2262 1967 2427 2029; x_wconf 87' lang='lat' dir='ltr'>hosti</span> <span class='ocrx_word' id='word_1_135' title='bbox 2458 1968 2736 2048; x_wconf 82' lang='lat' dir='ltr'>publico.</span> <span class='ocrx_word' id='word_1_136' title='bbox 2773 1972 2852 2031; x_wconf 89' lang='lat' dir='ltr'>At</span> 
     </span>
     <span class='ocr_line' id='line_1_17' title="bbox 500 2064 2848 2145; baseline 0 -16"><span class='ocrx_word' id='word_1_137' title='bbox 500 2069 723 2129; x_wconf 88' lang='lat' dir='ltr'>melius</span> <span class='ocrx_word' id='word_1_138' title='bbox 757 2065 1027 2128; x_wconf 87' lang='lat' dir='ltr'>tolerare</span> <span class='ocrx_word' id='word_1_139' title='bbox 1060 2065 1403 2145; x_wconf 85' lang='lat' dir='ltr'>nequitiam</span> <span class='ocrx_word' id='word_1_140' title='bbox 1444 2064 1580 2142; x_wconf 85' lang='lat' dir='ltr'>ejus</span> <span class='ocrx_word' id='word_1_141' title='bbox 1617 2084 1812 2144; x_wconf 87' lang='lat' dir='ltr'>quam</span> <span class='ocrx_word' id='word_1_142' title='bbox 1850 2064 1914 2125; x_wconf 93' lang='lat' dir='ltr'>in</span> <span class='ocrx_word' id='word_1_143' title='bbox 1945 2084 2089 2125; x_wconf 89' lang='lat' dir='ltr'>eum</span> <span class='ocrx_word' id='word_1_144' title='bbox 2126 2066 2472 2144; x_wconf 84' lang='lat' dir='ltr'>insurgere,</span> <span class='ocrx_word' id='word_1_145' title='bbox 2501 2066 2848 2130; x_wconf 89' lang='lat' dir='ltr'>dummodo</span> 
     </span>
     <span class='ocr_line' id='line_1_18' title="bbox 500 2162 2849 2244; baseline -0.001 -15"><span class='ocrx_word' id='word_1_146' title='bbox 500 2166 829 2229; x_wconf 87' lang='lat' dir='ltr'>toleranda</span> <span class='ocrx_word' id='word_1_147' title='bbox 886 2165 963 2224; x_wconf 86' lang='lat' dir='ltr'>sit</span> <span class='ocrx_word' id='word_1_148' title='bbox 1020 2165 1155 2244; x_wconf 86' lang='lat' dir='ltr'>ejus</span> <span class='ocrx_word' id='word_1_149' title='bbox 1210 2162 1591 2235; x_wconf 82' lang='lat' dir='ltr'>dominati03</span> <span class='ocrx_word' id='word_1_150' title='bbox 1638 2182 1913 2243; x_wconf 86' lang='lat' dir='ltr'>namque</span> <span class='ocrx_word' id='word_1_151' title='bbox 1972 2163 2068 2223; x_wconf 84' lang='lat' dir='ltr'>vel</span> <span class='ocrx_word' id='word_1_152' title='bbox 2123 2164 2189 2223; x_wconf 86' lang='lat' dir='ltr'>in</span> <span class='ocrx_word' id='word_1_153' title='bbox 2247 2164 2630 2244; x_wconf 84' lang='lat' dir='ltr'>insurgendo</span> <span class='ocrx_word' id='word_1_154' title='bbox 2688 2167 2849 2227; x_wconf 88' lang='lat' dir='ltr'>inest</span> 
     </span>
     <span class='ocr_line' id='line_1_19' title="bbox 497 2260 2500 2345; baseline -0 -19"><span class='ocrx_word' id='word_1_155' title='bbox 497 2264 727 2345; x_wconf 82' lang='lat' dir='ltr'>saepius</span> <span class='ocrx_word' id='word_1_156' title='bbox 758 2263 955 2324; x_wconf 88' lang='lat' dir='ltr'>multo</span> <span class='ocrx_word' id='word_1_157' title='bbox 988 2263 1167 2341; x_wconf 88' lang='lat' dir='ltr'>pejus</span> <span class='ocrx_word' id='word_1_158' title='bbox 1197 2260 1433 2321; x_wconf 84' lang='lat' dir='ltr'>malum</span> <span class='ocrx_word' id='word_1_159' title='bbox 1467 2278 1659 2339; x_wconf 91' lang='lat' dir='ltr'>quam</span> <span class='ocrx_word' id='word_1_160' title='bbox 1691 2260 1752 2319; x_wconf 88' lang='lat' dir='ltr'>in</span> <span class='ocrx_word' id='word_1_161' title='bbox 1787 2261 2116 2322; x_wconf 88' lang='lat' dir='ltr'>subeunda</span> <span class='ocrx_word' id='word_1_162' title='bbox 2146 2263 2500 2341; x_wconf 87' lang='lat' dir='ltr'>tyrannide.</span> 
     </span>
    </p>

    <p class='ocr_par' dir='ltr' id='par_1_6' title="bbox 448 2357 2868 2642">
     <span class='ocr_line' id='line_1_20' title="bbox 578 2357 2845 2441; baseline 0 -17"><span class='ocrx_word' id='word_1_163' title='bbox 578 2363 699 2424; x_wconf 88' lang='lat' dir='ltr'>Sed</span> <span class='ocrx_word' id='word_1_164' title='bbox 727 2362 790 2421; x_wconf 89' lang='lat' dir='ltr'>in</span> <span class='ocrx_word' id='word_1_165' title='bbox 824 2359 1195 2439; x_wconf 74' lang='lat' dir='ltr'>Defensione</span> <span class='ocrx_word' id='word_1_166' title='bbox 1216 2357 1361 2430; x_wconf 69' lang='lat' dir='ltr'>fidei</span> <span class='ocrx_word' id='word_1_167' title='bbox 1384 2358 1701 2419; x_wconf 65' lang='lat' dir='ltr'>catholicae</span> <span class='ocrx_word' id='word_1_168' title='bbox 1728 2359 2158 2439; x_wconf 77' lang='lat' dir='ltr'>etapostolicae</span> <span class='ocrx_word' id='word_1_169' title='bbox 2183 2360 2468 2421; x_wconf 83' lang='lat' dir='ltr'>adversus</span> <span class='ocrx_word' id='word_1_170' title='bbox 2505 2362 2845 2441; x_wconf 75' lang='lat' dir='ltr'>anylicanae</span> 
     </span>
     <span class='ocr_line' id='line_1_21' title="bbox 448 2455 2842 2541; baseline 0.001 -20"><span class='ocrx_word' id='word_1_171' title='bbox 448 2500 457 2507; x_wconf 87' lang='lat'><strong>·</strong></span> <span class='ocrx_word' id='word_1_172' title='bbox 492 2472 665 2521; x_wconf 78' lang='lat' dir='ltr'>seetae</span> <span class='ocrx_word' id='word_1_173' title='bbox 696 2478 955 2530; x_wconf 52' lang='lat' dir='ltr'>errorem,</span> <span class='ocrx_word' id='word_1_174' title='bbox 994 2476 1189 2537; x_wconf 89' lang='lat' dir='ltr'>quum</span> <span class='ocrx_word' id='word_1_175' title='bbox 1217 2455 1646 2517; x_wconf 85' lang='lat' dir='ltr'>decertandun</span> <span class='ocrx_word' id='word_1_176' title='bbox 1682 2457 1982 2536; x_wconf 87' lang='lat' dir='ltr'>suscipiat</span> <span class='ocrx_word' id='word_1_177' title='bbox 2017 2457 2317 2519; x_wconf 87' lang='lat' dir='ltr'>adversus</span> <span class='ocrx_word' id='word_1_178' title='bbox 2355 2459 2594 2537; x_wconf 87' lang='lat' dir='ltr'>regiam</span> <span class='ocrx_word' id='word_1_179' title='bbox 2627 2468 2842 2541; x_wconf 88' lang='lat' dir='ltr'>potes-</span> 
     </span>
     <span class='ocr_line' id='line_1_22' title="bbox 498 2553 2868 2642; baseline -0 -21"><span class='ocrx_word' id='word_1_180' title='bbox 498 2567 688 2622; x_wconf 80' lang='lat' dir='ltr'>tatem</span> <span class='ocrx_word' id='word_1_181' title='bbox 720 2577 861 2638; x_wconf 83' lang='lat' dir='ltr'>quae</span> <span class='ocrx_word' id='word_1_182' title='bbox 888 2556 1008 2617; x_wconf 87' lang='lat' dir='ltr'>sibi</span> <span class='ocrx_word' id='word_1_183' title='bbox 1036 2553 1193 2616; x_wconf 86' lang='lat' dir='ltr'>nihil</span> <span class='ocrx_word' id='word_1_184' title='bbox 1232 2575 1361 2616; x_wconf 86' lang='lat' dir='ltr'>non</span> <span class='ocrx_word' id='word_1_185' title='bbox 1400 2555 1679 2635; x_wconf 84' lang='lat' dir='ltr'>permitti</span> <span class='ocrx_word' id='word_1_186' title='bbox 1713 2554 1856 2635; x_wconf 87' lang='lat' dir='ltr'>jure</span> <span class='ocrx_word' id='word_1_187' title='bbox 1897 2556 2316 2632; x_wconf 87' lang='lat' dir='ltr'>contenderit,</span> <span class='ocrx_word' id='word_1_188' title='bbox 2353 2558 2552 2620; x_wconf 89' lang='lat' dir='ltr'>multo</span> <span class='ocrx_word' id='word_1_189' title='bbox 2592 2559 2868 2642; x_wconf 85' lang='lat' dir='ltr'>longius..</span> 
     </span>
    </p>
   </div>
   <div class='ocr_carea' id='block_1_5' title="bbox 388 2646 2837 2740">
    <p class='ocr_par' dir='ltr' id='par_1_7' title="bbox 388 2646 2837 2740">
     <span class='ocr_line' id='line_1_23' title="bbox 388 2646 2837 2740; baseline 0.002 -22"><span class='ocrx_word' id='word_1_190' title='bbox 388 2646 395 2654; x_wconf 70' lang='grc'><strong>’</strong></span> <span class='ocrx_word' id='word_1_191' title='bbox 495 2659 698 2740; x_wconf 82' lang='lat' dir='ltr'>pergit</span> <span class='ocrx_word' id='word_1_192' title='bbox 730 2655 1003 2718; x_wconf 86' lang='lat' dir='ltr'>Soarius.</span> <span class='ocrx_word' id='word_1_193' title='bbox 1038 2656 1103 2727; x_wconf 89' lang='lat' dir='ltr'>ln</span> <span class='ocrx_word' id='word_1_194' title='bbox 1147 2654 1268 2715; x_wconf 88' lang='lat' dir='ltr'>hoc</span> <span class='ocrx_word' id='word_1_195' title='bbox 1298 2653 1513 2716; x_wconf 88' lang='lat' dir='ltr'>libello</span> <span class='ocrx_word' id='word_1_196' title='bbox 1554 2655 1846 2734; x_wconf 89' lang='lat' dir='ltr'>perhibet</span> <span class='ocrx_word' id='word_1_197' title='bbox 1889 2662 2229 2736; x_wconf 86' lang='lat' dir='ltr'>tyrannum</span> <span class='ocrx_word' id='word_1_198' title='bbox 2261 2657 2358 2718; x_wconf 88' lang='lat' dir='ltr'>vel</span> <span class='ocrx_word' id='word_1_199' title='bbox 2395 2665 2837 2738; x_wconf 90' lang='lat' dir='ltr'>usurpatorem</span> 
     </span>
    </p>
   </div>
   <div class='ocr_carea' id='block_1_6' title="bbox 464 2751 2842 4110">
    <p class='ocr_par' dir='ltr' id='par_1_8' title="bbox 490 2751 2842 3228">
     <span class='ocr_line' id='line_1_24' title="bbox 492 2751 2837 2838; baseline 0.002 -21"><span class='ocrx_word' id='word_1_200' title='bbox 492 2756 937 2836; x_wconf 89' lang='lat' dir='ltr'>qualicumque</span> <span class='ocrx_word' id='word_1_201' title='bbox 971 2755 1159 2814; x_wconf 90' lang='lat' dir='ltr'>modo</span> <span class='ocrx_word' id='word_1_202' title='bbox 1199 2772 1331 2814; x_wconf 90' lang='lat' dir='ltr'>sese</span> <span class='ocrx_word' id='word_1_203' title='bbox 1370 2751 1665 2814; x_wconf 85' lang='lat' dir='ltr'>habuerit</span> <span class='ocrx_word' id='word_1_204' title='bbox 1692 2773 1728 2812; x_wconf 87' lang='lat' dir='ltr'>a</span> <span class='ocrx_word' id='word_1_205' title='bbox 1760 2755 1982 2833; x_wconf 88' lang='lat' dir='ltr'>quovis</span> <span class='ocrx_word' id='word_1_206' title='bbox 2017 2775 2050 2816; x_wconf 89' lang='lat' dir='ltr'>e</span> <span class='ocrx_word' id='word_1_207' title='bbox 2081 2755 2320 2816; x_wconf 89' lang='lat' dir='ltr'>civibus</span> <span class='ocrx_word' id='word_1_208' title='bbox 2347 2757 2593 2818; x_wconf 86' lang='lat' dir='ltr'>sustolli</span> <span class='ocrx_word' id='word_1_209' title='bbox 2631 2777 2837 2838; x_wconf 88' lang='lat' dir='ltr'>posse,</span> 
     </span>
     <span class='ocr_line' id='line_1_25' title="bbox 490 2841 2842 2919; baseline 0.002 -4"><span class='ocrx_word' id='word_1_210' title='bbox 490 2857 539 2916; x_wconf 89' lang='lat' dir='ltr'>si</span> <span class='ocrx_word' id='word_1_211' title='bbox 572 2855 748 2915; x_wconf 88' lang='lat' dir='ltr'>nulla</span> <span class='ocrx_word' id='word_1_212' title='bbox 790 2854 913 2914; x_wconf 88' lang='lat' dir='ltr'>alia</span> <span class='ocrx_word' id='word_1_213' title='bbox 952 2853 1203 2913; x_wconf 91' lang='lat' dir='ltr'>subdita</span> <span class='ocrx_word' id='word_1_214' title='bbox 1241 2851 1431 2912; x_wconf 89' lang='lat' dir='ltr'>suerit</span> <span class='ocrx_word' id='word_1_215' title='bbox 1480 2852 1640 2913; x_wconf 87' lang='lat' dir='ltr'>ratio</span> <span class='ocrx_word' id='word_1_216' title='bbox 1689 2841 2046 2914; x_wconf 58' lang='lat' dir='ltr'>arertendae</span> <span class='ocrx_word' id='word_1_217' title='bbox 2077 2854 2554 2916; x_wconf 89' lang='lat' dir='ltr'>dominationis.</span> <span class='ocrx_word' id='word_1_218' title='bbox 2592 2881 2621 2912; x_wconf 92' lang='lat'>«</span> <span class='ocrx_word' id='word_1_219' title='bbox 2663 2859 2842 2919; x_wconf 87' lang='lat' dir='ltr'>Hunc</span> 
     </span>
     <span class='ocr_line' id='line_1_26' title="bbox 492 2950 2836 3036; baseline 0.001 -22"><span class='ocrx_word' id='word_1_220' title='bbox 492 2961 830 3033; x_wconf 87' lang='lat' dir='ltr'>tyrannum</span> <span class='ocrx_word' id='word_1_221' title='bbox 862 2951 1073 3032; x_wconf 90' lang='lat' dir='ltr'>quoad</span> <span class='ocrx_word' id='word_1_222' title='bbox 1116 2950 1370 3012; x_wconf 88' lang='lat' dir='ltr'>titulum</span> <span class='ocrx_word' id='word_1_223' title='bbox 1403 2950 1670 3011; x_wconf 78' lang='lat' dir='ltr'>interfici</span> <span class='ocrx_word' id='word_1_224' title='bbox 1708 2969 1892 3030; x_wconf 87' lang='lat' dir='ltr'>posse</span> <span class='ocrx_word' id='word_1_225' title='bbox 1923 2971 1962 3011; x_wconf 88' lang='lat' dir='ltr'>a</span> <span class='ocrx_word' id='word_1_226' title='bbox 1993 2971 2391 3032; x_wconf 86' lang='lat' dir='ltr'>quacumque</span> <span class='ocrx_word' id='word_1_227' title='bbox 2423 2953 2673 3032; x_wconf 87' lang='lat' dir='ltr'>privata</span> <span class='ocrx_word' id='word_1_228' title='bbox 2699 2975 2836 3036; x_wconf 90' lang='lat' dir='ltr'>per-</span> 
     </span>
     <span class='ocr_line' id='line_1_27' title="bbox 490 3049 2840 3133; baseline 0.001 -21"><span class='ocrx_word' id='word_1_229' title='bbox 490 3071 669 3129; x_wconf 84' lang='lat' dir='ltr'>sona,</span> <span class='ocrx_word' id='word_1_230' title='bbox 723 3070 863 3130; x_wconf 81' lang='lat' dir='ltr'>quae</span> <span class='ocrx_word' id='word_1_231' title='bbox 909 3051 988 3110; x_wconf 90' lang='lat' dir='ltr'>sit</span> <span class='ocrx_word' id='word_1_232' title='bbox 1037 3049 1390 3110; x_wconf 89' lang='lat' dir='ltr'>membrum</span> <span class='ocrx_word' id='word_1_233' title='bbox 1441 3049 1803 3127; x_wconf 82' lang='lat' dir='ltr'>reipublicae</span> <span class='ocrx_word' id='word_1_234' title='bbox 1847 3069 1989 3131; x_wconf 83' lang='lat' dir='ltr'>quae</span> <span class='ocrx_word' id='word_1_235' title='bbox 2040 3050 2438 3129; x_wconf 84' lang='lat' dir='ltr'>tyrannidem</span> <span class='ocrx_word' id='word_1_236' title='bbox 2487 3053 2748 3133; x_wconf 88' lang='lat' dir='ltr'>patitur,</span> <span class='ocrx_word' id='word_1_237' title='bbox 2789 3056 2840 3116; x_wconf 88' lang='lat' dir='ltr'>si</span> 
     </span>
     <span class='ocr_line' id='line_1_28' title="bbox 492 3147 2594 3228; baseline -0.002 -18"><span class='ocrx_word' id='word_1_238' title='bbox 492 3150 676 3210; x_wconf 85' lang='lat' dir='ltr'>aliter</span> <span class='ocrx_word' id='word_1_239' title='bbox 699 3168 827 3210; x_wconf 89' lang='lat' dir='ltr'>non</span> <span class='ocrx_word' id='word_1_240' title='bbox 858 3148 1055 3228; x_wconf 88' lang='lat' dir='ltr'>possit</span> <span class='ocrx_word' id='word_1_241' title='bbox 1085 3147 1541 3226; x_wconf 85' lang='lat' dir='ltr'>rempublicam</span> <span class='ocrx_word' id='word_1_242' title='bbox 1576 3147 1656 3207; x_wconf 93' lang='lat' dir='ltr'>ab</span> <span class='ocrx_word' id='word_1_243' title='bbox 1685 3147 1796 3209; x_wconf 90' lang='lat' dir='ltr'>illa</span> <span class='ocrx_word' id='word_1_244' title='bbox 1824 3148 2156 3228; x_wconf 86' lang='lat' dir='ltr'>tyrannide</span> <span class='ocrx_word' id='word_1_245' title='bbox 2184 3147 2453 3210; x_wconf 88' lang='lat' dir='ltr'>liberare</span> <span class='ocrx_word' id='word_1_246' title='bbox 2482 3150 2523 3211; x_wconf 76' lang='lat'>².</span> <span class='ocrx_word' id='word_1_247' title='bbox 2562 3175 2594 3206; x_wconf 87' lang='lat'>»</span> 
     </span>
    </p>

    <p class='ocr_par' dir='ltr' id='par_1_9' title="bbox 464 3233 2837 4110">
     <span class='ocr_line' id='line_1_29' title="bbox 496 3233 2835 3327; baseline 0.001 -18"><span class='ocrx_word' id='word_1_248' title='bbox 496 3233 537 3309; x_wconf 53' lang='lat' dir='ltr'>J</span> <span class='ocrx_word' id='word_1_249' title='bbox 570 3247 749 3320; x_wconf 87' lang='lat' dir='ltr'>Quod</span> <span class='ocrx_word' id='word_1_250' title='bbox 788 3246 836 3306; x_wconf 85' lang='lat' dir='ltr'>si</span> <span class='ocrx_word' id='word_1_251' title='bbox 868 3246 949 3306; x_wconf 92' lang='lat' dir='ltr'>ad</span> <span class='ocrx_word' id='word_1_252' title='bbox 986 3265 1198 3324; x_wconf 85' lang='lat' dir='ltr'>regem</span> <span class='ocrx_word' id='word_1_253' title='bbox 1239 3252 1481 3325; x_wconf 87' lang='lat' dir='ltr'>spectes</span> <span class='ocrx_word' id='word_1_254' title='bbox 1511 3247 1656 3324; x_wconf 89' lang='lat' dir='ltr'>jure</span> <span class='ocrx_word' id='word_1_255' title='bbox 1696 3246 2001 3324; x_wconf 86' lang='lat' dir='ltr'>legitimo,</span> <span class='ocrx_word' id='word_1_256' title='bbox 2038 3248 2146 3327; x_wconf 91' lang='lat' dir='ltr'>qui</span> <span class='ocrx_word' id='word_1_257' title='bbox 2169 3254 2510 3326; x_wconf 89' lang='lat' dir='ltr'>tyrannum</span> <span class='ocrx_word' id='word_1_258' title='bbox 2541 3234 2744 3326; x_wconf 55' lang='lat' dir='ltr'>egerit</span> <span class='ocrx_word' id='word_1_259' title='bbox 2773 3251 2835 3312; x_wconf 92' lang='lat' dir='ltr'>in</span> 
     </span>
     <span class='ocr_line' id='line_1_30' title="bbox 488 3343 2830 3427; baseline 0.001 -21"><span class='ocrx_word' id='word_1_260' title='bbox 488 3346 759 3406; x_wconf 87' lang='lat' dir='ltr'>deterius</span> <span class='ocrx_word' id='word_1_261' title='bbox 802 3345 1174 3422; x_wconf 83' lang='lat' dir='ltr'>magistratu</span> <span class='ocrx_word' id='word_1_262' title='bbox 1211 3343 1465 3417; x_wconf 88' lang='lat' dir='ltr'>abusus,</span> <span class='ocrx_word' id='word_1_263' title='bbox 1500 3351 1649 3405; x_wconf 76' lang='lat' dir='ltr'>tunc</span> <span class='ocrx_word' id='word_1_264' title='bbox 1689 3346 1814 3406; x_wconf 86' lang='lat' dir='ltr'>duo</span> <span class='ocrx_word' id='word_1_265' title='bbox 1853 3353 2000 3406; x_wconf 88' lang='lat' dir='ltr'>sunt</span> <span class='ocrx_word' id='word_1_266' title='bbox 2037 3364 2177 3424; x_wconf 78' lang='lat' dir='ltr'>quae</span> <span class='ocrx_word' id='word_1_267' title='bbox 2208 3346 2474 3408; x_wconf 87' lang='lat' dir='ltr'>discerni</span> <span class='ocrx_word' id='word_1_268' title='bbox 2518 3357 2830 3427; x_wconf 84' lang='lat' dir='ltr'>oporteat.</span> 
     </span>
     <span class='ocr_line' id='line_1_31' title="bbox 464 3441 2833 3523; baseline 0.002 -21"><span class='ocrx_word' id='word_1_269' title='bbox 464 3446 691 3515; x_wconf 81' lang='lat' dir='ltr'>¹Quum</span> <span class='ocrx_word' id='word_1_270' title='bbox 733 3441 981 3503; x_wconf 83' lang='lat' dir='ltr'>violatis</span> <span class='ocrx_word' id='word_1_271' title='bbox 1020 3441 1263 3519; x_wconf 86' lang='lat' dir='ltr'>legibus</span> <span class='ocrx_word' id='word_1_272' title='bbox 1297 3448 1360 3502; x_wconf 88' lang='lat' dir='ltr'>et</span> <span class='ocrx_word' id='word_1_273' title='bbox 1390 3441 1759 3520; x_wconf 88' lang='lat' dir='ltr'>proculcata</span> <span class='ocrx_word' id='word_1_274' title='bbox 1801 3441 2050 3520; x_wconf 87' lang='lat' dir='ltr'>justitia</span> <span class='ocrx_word' id='word_1_275' title='bbox 2097 3442 2206 3502; x_wconf 92' lang='lat' dir='ltr'>uni</span> <span class='ocrx_word' id='word_1_276' title='bbox 2245 3443 2439 3523; x_wconf 87' lang='lat' dir='ltr'>capiti</span> <span class='ocrx_word' id='word_1_277' title='bbox 2475 3443 2833 3507; x_wconf 82' lang='lat' dir='ltr'>incubuerit</span> 
     </span>
     <span class='ocr_line' id='line_1_32' title="bbox 486 3537 2829 3622; baseline 0.002 -23"><span class='ocrx_word' id='word_1_278' title='bbox 486 3541 755 3612; x_wconf 88' lang='lat' dir='ltr'>minans,</span> <span class='ocrx_word' id='word_1_279' title='bbox 785 3541 1046 3618; x_wconf 86' lang='lat' dir='ltr'>ejusque</span> <span class='ocrx_word' id='word_1_280' title='bbox 1078 3538 1465 3618; x_wconf 85' lang='lat' dir='ltr'>impotentiae</span> <span class='ocrx_word' id='word_1_281' title='bbox 1496 3537 1773 3599; x_wconf 85' lang='lat' dir='ltr'>obnoxia</span> <span class='ocrx_word' id='word_1_282' title='bbox 1798 3540 1986 3600; x_wconf 85' lang='lat' dir='ltr'>fuerit</span> <span class='ocrx_word' id='word_1_283' title='bbox 2011 3539 2111 3622; x_wconf 29' lang='lat' dir='ltr'>‚vel</span> <span class='ocrx_word' id='word_1_284' title='bbox 2143 3546 2273 3614; x_wconf 90' lang='lat' dir='ltr'>tua,</span> <span class='ocrx_word' id='word_1_285' title='bbox 2308 3541 2406 3602; x_wconf 90' lang='lat' dir='ltr'>vel</span> <span class='ocrx_word' id='word_1_286' title='bbox 2449 3545 2648 3621; x_wconf 86' lang='lat' dir='ltr'>patris</span> <span class='ocrx_word' id='word_1_287' title='bbox 2679 3545 2829 3616; x_wconf 88' lang='lat' dir='ltr'>vita,</span> 
     </span>
     <span class='ocr_line' id='line_1_33' title="bbox 484 3635 2828 3717; baseline 0.003 -21"><span class='ocrx_word' id='word_1_288' title='bbox 484 3637 580 3696; x_wconf 77' lang='lat' dir='ltr'>vel</span> <span class='ocrx_word' id='word_1_289' title='bbox 608 3638 852 3710; x_wconf 76' lang='lat' dir='ltr'>matriS,</span> <span class='ocrx_word' id='word_1_290' title='bbox 886 3635 1021 3709; x_wconf 85' lang='lat' dir='ltr'>filii,</span> <span class='ocrx_word' id='word_1_291' title='bbox 1050 3636 1299 3713; x_wconf 80' lang='lat' dir='ltr'>filiaeve,</span> <span class='ocrx_word' id='word_1_292' title='bbox 1326 3655 1476 3696; x_wconf 89' lang='lat' dir='ltr'>sane</span> <span class='ocrx_word' id='word_1_293' title='bbox 1505 3637 1720 3698; x_wconf 88' lang='lat' dir='ltr'>licebit</span> <span class='ocrx_word' id='word_1_294' title='bbox 1751 3638 1870 3697; x_wconf 90' lang='lat' dir='ltr'>vim</span> <span class='ocrx_word' id='word_1_295' title='bbox 1906 3639 1969 3698; x_wconf 88' lang='lat' dir='ltr'>vi</span> <span class='ocrx_word' id='word_1_296' title='bbox 1998 3639 2301 3717; x_wconf 88' lang='lat' dir='ltr'>repellere</span> <span class='ocrx_word' id='word_1_297' title='bbox 2333 3645 2394 3700; x_wconf 88' lang='lat' dir='ltr'>et</span> <span class='ocrx_word' id='word_1_298' title='bbox 2423 3640 2503 3700; x_wconf 88' lang='lat' dir='ltr'>ad</span> <span class='ocrx_word' id='word_1_299' title='bbox 2536 3640 2828 3703; x_wconf 85' lang='lat' dir='ltr'>ultimam</span> 
     </span>
     <span class='ocr_line' id='line_1_34' title="bbox 485 3734 2837 3816; baseline 0.003 -21"><span class='ocrx_word' id='word_1_300' title='bbox 485 3736 794 3796; x_wconf 85' lang='lat' dir='ltr'>rationem</span> <span class='ocrx_word' id='word_1_301' title='bbox 834 3752 1187 3807; x_wconf 86' lang='lat' dir='ltr'>recurrere;</span> <span class='ocrx_word' id='word_1_302' title='bbox 1222 3734 1330 3794; x_wconf 90' lang='lat' dir='ltr'>sed</span> <span class='ocrx_word' id='word_1_303' title='bbox 1386 3734 1602 3813; x_wconf 87' lang='lat' dir='ltr'>utiquc</span> <span class='ocrx_word' id='word_1_304' title='bbox 1633 3755 1710 3794; x_wconf 83' lang='lat' dir='ltr'>cx</span> <span class='ocrx_word' id='word_1_305' title='bbox 1754 3735 2014 3796; x_wconf 84' lang='lat' dir='ltr'>arbitrio</span> <span class='ocrx_word' id='word_1_306' title='bbox 2064 3737 2186 3796; x_wconf 90' lang='lat' dir='ltr'>erit</span> <span class='ocrx_word' id='word_1_307' title='bbox 2233 3745 2302 3798; x_wconf 90' lang='lat' dir='ltr'>ut</span> <span class='ocrx_word' id='word_1_308' title='bbox 2345 3737 2615 3816; x_wconf 85' lang='lat' dir='ltr'>publicae</span> <span class='ocrx_word' id='word_1_309' title='bbox 2658 3747 2837 3802; x_wconf 79' lang='lat' dir='ltr'>tran·—</span> 
     </span>
     <span class='ocr_line' id='line_1_35' title="bbox 484 3831 2834 3917; baseline 0.003 -23"><span class='ocrx_word' id='word_1_310' title='bbox 484 3832 784 3914; x_wconf 87' lang='lat' dir='ltr'>quillitati</span> <span class='ocrx_word' id='word_1_311' title='bbox 839 3831 1155 3912; x_wconf 86' lang='lat' dir='ltr'>privatam</span> <span class='ocrx_word' id='word_1_312' title='bbox 1208 3831 1507 3912; x_wconf 89' lang='lat' dir='ltr'>injuriam</span> <span class='ocrx_word' id='word_1_313' title='bbox 1561 3833 1884 3895; x_wconf 87' lang='lat' dir='ltr'>condones</span> <span class='ocrx_word' id='word_1_314' title='bbox 1939 3834 2387 3897; x_wconf 89' lang='lat' dir='ltr'>vindicandam</span> <span class='ocrx_word' id='word_1_315' title='bbox 2441 3845 2669 3917; x_wconf 86' lang='lat' dir='ltr'>sponte</span> <span class='ocrx_word' id='word_1_316' title='bbox 2722 3847 2834 3900; x_wconf 86' lang='lat' dir='ltr'>tua</span> 
     </span>
     <span class='ocr_line' id='line_1_36' title="bbox 484 3929 2828 4014; baseline 0.003 -22"><span class='ocrx_word' id='word_1_317' title='bbox 484 3951 595 3994; x_wconf 87' lang='lat' dir='ltr'>nec</span> <span class='ocrx_word' id='word_1_318' title='bbox 629 3930 757 3992; x_wconf 91' lang='lat' dir='ltr'>ullo</span> <span class='ocrx_word' id='word_1_319' title='bbox 790 3931 915 3991; x_wconf 89' lang='lat' dir='ltr'>alio</span> <span class='ocrx_word' id='word_1_320' title='bbox 946 3931 1209 3992; x_wconf 85' lang='lat' dir='ltr'>adactus</span> <span class='ocrx_word' id='word_1_321' title='bbox 1248 3929 1456 3993; x_wconf 84' lang='lat' dir='ltr'>officio</span> <span class='ocrx_word' id='word_1_322' title='bbox 1493 3951 1682 4011; x_wconf 85' lang='lat' dir='ltr'>quam</span> <span class='ocrx_word' id='word_1_323' title='bbox 1715 3932 2044 3994; x_wconf 86' lang='lat' dir='ltr'>charitatis</span> <span class='ocrx_word' id='word_1_324' title='bbox 2075 3940 2399 4014; x_wconf 89' lang='lat' dir='ltr'>respectu;</span> <span class='ocrx_word' id='word_1_325' title='bbox 2436 3959 2466 3991; x_wconf 91' lang='lat'>«</span> <span class='ocrx_word' id='word_1_326' title='bbox 2499 3936 2636 3998; x_wconf 83' lang='lat' dir='ltr'>haec</span> <span class='ocrx_word' id='word_1_327' title='bbox 2669 3937 2828 3998; x_wconf 90' lang='lat' dir='ltr'>obli-</span> 
     </span>
     <span class='ocr_line' id='line_1_37' title="bbox 483 4021 2832 4110; baseline 0.002 -19"><span class='ocrx_word' id='word_1_328' title='bbox 483 4032 653 4110; x_wconf 82' lang='lat' dir='ltr'>gatio</span> <span class='ocrx_word' id='word_1_329' title='bbox 702 4031 781 4091; x_wconf 85' lang='lat' dir='ltr'>ad</span> <span class='ocrx_word' id='word_1_330' title='bbox 835 4028 1122 4091; x_wconf 86' lang='lat' dir='ltr'>ordinem</span> <span class='ocrx_word' id='word_1_331' title='bbox 1170 4021 2110 4110; x_wconf 24' lang='lat' dir='ltr'>charitatis-spectatpnsOuum</span> <span class='ocrx_word' id='word_1_332' title='bbox 2155 4051 2304 4093; x_wconf 86' lang='lat' dir='ltr'>vero</span> <span class='ocrx_word' id='word_1_333' title='bbox 2345 4032 2584 4094; x_wconf 88' lang='lat' dir='ltr'>civitati</span> <span class='ocrx_word' id='word_1_334' title='bbox 2625 4035 2742 4095; x_wconf 87' lang='lat' dir='ltr'>toti</span> <span class='ocrx_word' id='word_1_335' title='bbox 2771 4043 2832 4096; x_wconf 84' lang='lat' dir='ltr'>et</span> 
     </span>
    </p>
   </div>
   <div class='ocr_carea' id='block_1_7' title="bbox 480 4207 2830 4484">
    <p class='ocr_par' dir='ltr' id='par_1_10' title="bbox 480 4207 2830 4416">
     <span class='ocr_line' id='line_1_38' title="bbox 544 4207 2828 4274; baseline 0.004 -20"><span class='ocrx_word' id='word_1_336' title='bbox 544 4208 587 4255; x_wconf 86' lang='lat'>1.</span> <span class='ocrx_word' id='word_1_337' title='bbox 620 4207 751 4256; x_wconf 89' lang='lat' dir='ltr'>Vide</span> <span class='ocrx_word' id='word_1_338' title='bbox 777 4207 848 4258; x_wconf 83' lang='lat' dir='ltr'>les</span> <span class='ocrx_word' id='word_1_339' title='bbox 876 4208 1193 4260; x_wconf 79' lang='lat' dir='ltr'>Sentiments</span> <span class='ocrx_word' id='word_1_340' title='bbox 1220 4209 1312 4259; x_wconf 78' lang='lat' dir='ltr'>des</span> <span class='ocrx_word' id='word_1_341' title='bbox 1333 4210 1557 4273; x_wconf 75' lang='lat' dir='ltr'>je‘suites</span> <span class='ocrx_word' id='word_1_342' title='bbox 1579 4212 1885 4274; x_wconf 73' lang='lat' dir='ltr'>pernicieuoe</span> <span class='ocrx_word' id='word_1_343' title='bbox 1911 4213 1943 4262; x_wconf 85' lang='grc' dir='ltr'><em>ὰ</em></span> <span class='ocrx_word' id='word_1_344' title='bbox 1969 4213 2240 4264; x_wconf 72' lang='grc' dir='ltr'>Γαιιίονὶἰό</span> <span class='ocrx_word' id='word_1_345' title='bbox 2262 4215 2312 4263; x_wconf 79' lang='lat' dir='ltr'>et</span> <span class='ocrx_word' id='word_1_346' title='bbox 2336 4215 2370 4264; x_wconf 81' lang='grc' dir='ltr'><em>ὰ</em></span> <span class='ocrx_word' id='word_1_347' title='bbox 2401 4213 2456 4263; x_wconf 87' lang='lat' dir='ltr'>la</span> <span class='ocrx_word' id='word_1_348' title='bbox 2488 4215 2568 4262; x_wconf 76' lang='lat' dir='ltr'>vie</span> <span class='ocrx_word' id='word_1_349' title='bbox 2596 4215 2688 4264; x_wconf 81' lang='lat' dir='ltr'>des</span> <span class='ocrx_word' id='word_1_350' title='bbox 2714 4228 2828 4263; x_wconf 77' lang='lat' dir='ltr'>sou-</span> 
     </span>
     <span class='ocr_line' id='line_1_39' title="bbox 480 4277 2830 4349; baseline 0.005 -27"><span class='ocrx_word' id='word_1_351' title='bbox 480 4277 782 4334; x_wconf 69' lang='lat' dir='ltr'>ve1²ain3,in</span> <span class='ocrx_word' id='word_1_352' title='bbox 812 4280 995 4330; x_wconf 88' lang='lat' dir='ltr'>libello</span> <span class='ocrx_word' id='word_1_353' title='bbox 1034 4283 1118 4330; x_wconf 91' lang='lat' dir='ltr'>cui</span> <span class='ocrx_word' id='word_1_354' title='bbox 1153 4281 1473 4332; x_wconf 87' lang='lat' dir='ltr'>inscribitur</span> <span class='ocrx_word' id='word_1_355' title='bbox 1507 4298 1520 4330; x_wconf 71' lang='grc' dir='ltr'><em>τ</em></span> <span class='ocrx_word' id='word_1_356' title='bbox 1551 4282 1757 4334; x_wconf 81' lang='lat' dir='ltr'>Recueil</span> <span class='ocrx_word' id='word_1_357' title='bbox 1791 4284 1856 4334; x_wconf 87' lang='lat' dir='ltr'>de</span> <span class='ocrx_word' id='word_1_358' title='bbox 1883 4285 2058 4349; x_wconf 63' lang='lat' dir='ltr'>piet-es</span> <span class='ocrx_word' id='word_1_359' title='bbox 2095 4284 2344 4336; x_wconf 74' lang='lat' dir='ltr'>touchant</span> <span class='ocrx_word' id='word_1_360' title='bbox 2382 4283 2638 4334; x_wconf 77' lang='lat' dir='ltr'>l’kistoire</span> <span class='ocrx_word' id='word_1_361' title='bbox 2673 4283 2740 4334; x_wconf 85' lang='lat' dir='ltr'>de</span> <span class='ocrx_word' id='word_1_362' title='bbox 2777 4283 2830 4333; x_wconf 79' lang='lat' dir='ltr'>la</span> 
     </span>
     <span class='ocr_line' id='line_1_40' title="bbox 480 4345 1465 4416; baseline 0.009 -23"><span class='ocrx_word' id='word_1_363' title='bbox 480 4345 798 4410; x_wconf 70' lang='lat' dir='ltr'>Compaqm&#39;e</span> <span class='ocrx_word' id='word_1_364' title='bbox 828 4349 891 4398; x_wconf 88' lang='lat' dir='ltr'>de</span> <span class='ocrx_word' id='word_1_365' title='bbox 916 4353 1080 4400; x_wconf 70' lang='lat' dir='ltr'>Jews,</span> <span class='ocrx_word' id='word_1_366' title='bbox 1113 4353 1292 4416; x_wconf 81' lang='lat' dir='ltr'>Liege,</span> <span class='ocrx_word' id='word_1_367' title='bbox 1326 4354 1465 4402; x_wconf 73' lang='lat'>1713.</span> 
     </span>
    </p>

    <p class='ocr_par' dir='ltr' id='par_1_11' title="bbox 539 4417 1413 4484">
     <span class='ocr_line' id='line_1_41' title="bbox 539 4417 1413 4484; baseline 0.011 -20"><span class='ocrx_word' id='word_1_368' title='bbox 539 4419 587 4466; x_wconf 82' lang='lat'>2.</span> <span class='ocrx_word' id='word_1_369' title='bbox 619 4417 732 4468; x_wconf 89' lang='lat' dir='ltr'>Lib.</span> <span class='ocrx_word' id='word_1_370' title='bbox 759 4419 843 4480; x_wconf 87' lang='lat' dir='ltr'>Vl,</span> <span class='ocrx_word' id='word_1_371' title='bbox 875 4435 991 4484; x_wconf 87' lang='lat' dir='ltr'>cap.</span> <span class='ocrx_word' id='word_1_372' title='bbox 1023 4436 1091 4483; x_wconf 76' lang='lat' dir='ltr'>w,</span> <span class='ocrx_word' id='word_1_373' title='bbox 1124 4427 1148 4482; x_wconf 68' lang='grc' dir='ltr'><strong>ἓ</strong></span> <span class='ocrx_word' id='word_1_374' title='bbox 1180 4426 1227 4484; x_wconf 81' lang='grc'>5,</span> <span class='ocrx_word' id='word_1_375' title='bbox 1255 4427 1300 4484; x_wconf 75' lang='lat'>6,</span> <span class='ocrx_word' id='word_1_376' title='bbox 1332 4424 1379 4473; x_wconf 78' lang='grc' dir='ltr'>Ἰ.</span> <span class='ocrx_word' id='word_1_377' title='bbox 1410 4463 1413 4466; x_wconf 83' lang='grc'><strong>.</strong></span> 
     </span>
    </p>
   </div>
   <div class='ocr_carea' id='block_1_8' title="bbox 3102 12 3124 1773">
    <p class='ocr_par' dir='ltr' id='par_1_12' title="bbox 3102 12 3124 1773">
     <span class='ocr_line' id='line_1_42' title="bbox 3102 12 3124 1773; baseline 0 0"><span class='ocrx_word' id='word_1_378' title='bbox 3102 12 3124 1773; x_wconf 95' lang='lat' dir='ltr'> </span> 
     </span>
    </p>
   </div>
   <div class='ocr_carea' id='block_1_9' title="bbox 3095 1924 3130 4896">
    <p class='ocr_par' dir='ltr' id='par_1_13' title="bbox 3095 1924 3130 4896">
     <span class='ocr_line' id='line_1_43' title="bbox 3095 1924 3130 4896; baseline 0 0"><span class='ocrx_word' id='word_1_379' title='bbox 3095 1924 3130 4896; x_wconf 95' lang='lat' dir='ltr'> </span> 
     </span>
    </p>
   </div>
  </div>
 </body>
</html>
