3131 5145
980 1323 1289 1397 CAPUT
1340 1325 1912 1399 UNDEGlMUM

317 1622 401 1669 DE
452 1622 926 1671 TYRANNICIDIO
978 1623 1152 1672 APUD
1204 1622 1579 1673 HENOTICOS
1630 1623 2053 1692 THEOLOGOS,
2097 1626 2178 1674 ET
2229 1625 2564 1675 PRAECIPUE

1154 1730 1327 1780 APUD
1378 1731 1734 1780 BUCHERUM

341 1976 413 2036 In
455 1976 745 2036 instituto
784 1975 1126 2037 certamine
1166 1975 1247 2036 ab
1285 1975 1604 2037 Henoticis
1630 1976 1939 2037 adversus
1983 1975 2318 2037 Henricum
2367 1976 2620 2038 tertium

266 2074 495 2153 primo,
530 2072 758 2133 deinde
783 2072 849 2132 in
876 2072 1213 2138 Henricum
1241 2081 1563 2154 quartum,
1599 2092 1726 2134 non
1761 2072 1950 2134 modo
1994 2074 2057 2133 in
2097 2091 2322 2153 campo
2365 2074 2626 2135 infensis

268 2172 456 2232 armis
504 2189 883 2232 concursum
938 2177 1053 2245 est,
1104 2172 1213 2233 sed
1262 2172 1453 2233 etiam
1505 2178 1568 2232 et
1609 2190 1796 2233 voces
1853 2170 2139 2232 Henotici
2195 2170 2625 2233 adhibuerunt

268 2269 614 2329 concitatas
643 2268 1151 2348 praedicantium,
1185 2275 1248 2331 et
1278 2268 1527 2330 libellos
1553 2288 1794 2330 veneno
1827 2286 1899 2329 ac
1930 2286 2153 2329 cruore
2178 2269 2523 2330 madentes
2553 2270 2626 2329 In

268 2367 429 2426 male
460 2366 730 2427 dicendo
756 2371 818 2427 et
843 2366 998 2427 false
1029 2366 1344 2447 stulteque
1376 2367 1771 2428 criminando
1804 2366 2224 2427 versabantur
2240 2366 2488 2438 infensi,
2516 2387 2623 2428 seu

268 2482 341 2524 ex
371 2463 702 2539 cathedra,
724 2465 851 2525 sive
880 2483 992 2545 per
1019 2470 1205 2545 typos
1226 2465 1290 2525 in
1310 2464 1539 2543 vulgus
1564 2466 1922 2545 proferrent
1947 2463 2310 2540 sententiaS,
2335 2470 2398 2525 et
2422 2466 2625 2524 utrin-

268 2580 385 2641 que
412 2560 597 2641 quasi
624 2560 953 2622 certabant
984 2562 1108 2623 utri
1137 2562 1369 2624 alteros
1400 2562 1684 2624 convicia
1714 2562 1978 2624 serendo
2011 2562 2474 2624 antecederent.

344 2658 710 2720 Concinnus
740 2665 803 2719 et
830 2660 1111 2722 eruditus
1142 2667 1383 2735 auctor,
1418 2661 1681 2722 Carolus
1712 2661 1982 2734 Labitte,
2015 2661 2082 2720 in
2123 2678 2313 2740 opere
2357 2660 2457 2721 cui
2491 2660 2624 2720 ins·

267 2756 529 2818 cribitur
548 2755 887 2818 vernacule
904 2757 1066 2818 dela
1082 2757 1469 2820 Democratie
1491 2757 1630 2818 ckez
1657 2757 1740 2818 les
1767 2757 2184 2840 predicate-urs
2212 2757 2288 2818 de
2316 2757 2380 2818 la
2403 2755 2622 2837 Ligynae,

266 2855 518 2935 penitus
538 2859 967 2932 perscrutatus
989 2861 1161 2916 estet
1180 2856 1499 2917 subtiliter
1514 2855 1844 2935 descripsit
1863 2854 2321 2916 debacchatum
2345 2854 2498 2914 illud
2515 2854 2628 2916 ssu-

264 2969 412 3012 men
444 2950 847 3030 eloquentiae,
872 2952 1269 3027 truculentae,
1302 2952 1594 3026 sordidae,
1621 2950 1897 3012 scurrilis
1923 2958 1985 3012 et
2018 2958 2317 3024 cruentae,
2344 2969 2472 3030 qua
2501 2951 2626 3011 sin-

264 3048 573 3129 gulariter
588 3067 726 3109 com
739 3049 1075 3111 mendatur
1095 3050 1284 3130 hujus
1302 3051 1505 3111 aetatis
1522 3050 1809 3111 historia.
1829 3049 2088 3111 Effinxit
2107 3049 2287 3111 nobis
2304 3057 2365 3111 et
2381 3049 2628 3110 induxit

263 3147 587 3208 animosos
616 3145 762 3206 illos
793 3148 1269 3209 concionatores
1300 3149 1578 3210 ecclesiae
1607 3149 1954 3222 militantiS,
1985 3166 2112 3228 quo
2142 3147 2397 3209 nomine
2417 3148 2537 3228 ipsi
2562 3168 2627 3209 se

264 3243 654 3317 afficiebant,
712 3244 1114 3307 Guillelmum
1173 3249 1427 3320 Rosam,
1474 3247 1915 3326 Vincestrium,
1981 3246 2379 3323 Pigenatum,
2426 3248 2625 3308 Gene-

264 3339 596 3418 brardum,
618 3340 1088 3420 Panigarolam,
1110 3343 1487 3423 Patremque
1508 3343 1905 3405 Gomoletum
1928 3342 2110 3403 illum
2130 3342 2460 3404 Societatis
2479 3344 2513 3403 J
2518 3361 2627 3403 esu

266 3436 643 3514 latrantem,
683 3438 1177 3514 vociferantem,
1228 3440 1570 3520 populares
1619 3440 1929 3520 procellas
1977 3439 2440 3516 concitantem,
2491 3456 2623 3500 me-

263 3535 496 3614 diaque
537 3535 603 3594 in
638 3536 943 3598 cathedra
981 3556 1047 3598 se
1085 3543 1221 3598 toto
1260 3556 1524 3618 corpore
1569 3537 1878 3598 daemonis
1916 3537 2116 3598 instar
2147 3538 2517 3615 jactantem,
2568 3543 2630 3597 et

267 3631 519 3692 tinnula
564 3651 717 3694 voce
762 3634 988 3694 iterum
1039 3639 1231 3714 atque
1276 3634 1506 3695 iterum
1550 3633 1986 3696 clamitantem
2039 3654 2053 3696 :
2109 3657 2138 3689 «
2191 3633 2384 3694 Nobis
2428 3633 2628 3695 altera

268 3729 513 3802 Judith,
548 3730 730 3791 nobis
760 3730 922 3792 alter
949 3732 1087 3793 Aod
1118 3732 1301 3793 citius
1340 3732 1553 3794 detur!
1603 3757 1632 3789 »
1673 3740 1734 3793 et
1770 3732 2150 3812 Bucherum,
2182 3731 2394 3794 Sancti
2425 3733 2624 3792 Bene-

266 3824 417 3888 dicti
456 3826 809 3902 curionem,
851 3827 958 3908 qui
1001 3848 1220 3890 omnes
1256 3830 1708 3890 Henoticorum
1745 3831 2270 3892 concionatorum
2315 3827 2629 3908 principes

267 3923 697 4003 supereminet
722 3930 785 3986 et
808 3943 884 3986 ex
909 3927 1129 3987 mediis
1151 3934 1358 3989 exstat
1384 3934 1451 3988 ut
1473 3927 1652 3988 chori
1681 3928 1831 4002 dux,
1853 3926 2124 3988 exitialis
2145 3925 2347 3986 sancti
2374 3923 2627 3985 foederis

267 4020 433 4082 inter
462 4019 811 4082 catholicos
847 4023 1208 4102 instigator,
1242 4023 1794 4104 procellarumque
1836 4023 2154 4101 magister.
2191 4022 2302 4082 Ille
2338 4020 2630 4082 sordidus

268 4124 332 4178 et
359 4117 605 4180 saevitia
633 4119 967 4198 permistas
996 4120 1061 4181 in
1090 4141 1277 4183 voces
1305 4141 1644 4202 erumpens
1677 4121 1885 4182 media
1929 4121 1996 4180 in
2034 4119 2342 4180 cathedra
2373 4117 2632 4178 concio-

270 4215 607 4277 nabundus
640 4215 794 4277 olim
826 4217 1205 4280 exclamavit
1236 4239 1250 4281 :
1285 4219 1471 4298 Eripe
1500 4237 1618 4280 nos
1643 4219 1721 4280 de
1751 4219 1918 4279 luto!
1954 4217 2123 4296 quod
2165 4216 2233 4277 in
2271 4233 2629 4284 sermonem

270 4313 569 4389 gallicum
598 4313 690 4374 ita
720 4315 1045 4375 transtulit
1074 4332 1089 4376 ε
1124 4317 1451 4395 Seigneur,
1484 4315 2164 4376 debourbonnez-nous!

346 4411 649 4473 Oratores
688 4430 767 4473 ex
804 4412 1109 4474 cathedra
1148 4417 1342 4476 verba
1400 4414 1704 4476 facientes
1742 4413 2034 4495 persequi
2077 4413 2166 4472 nil
2215 4412 2294 4474 ad
2343 4415 2632 4471 nostrum
