3131 5145
484 563 994 627 ‚Melanehthonis
1024 567 1628 648 Arausionensisque
1663 570 1890 644 amico,
1921 567 2274 629 eruditione
2309 573 2372 628 et
2409 567 2672 629 seientia
2711 568 2851 629 doc-

498 662 755 740 tissime,
800 665 1158 741 integritate
1193 673 1255 726 et
1296 667 1734 745 magnitudine
1775 666 1969 729 animi
2005 665 2554 739 excellentissimo,
2598 667 2706 745 qui
2745 666 2848 727 vix

496 760 751 821 infestas
806 761 1260 823 catholicorum
1311 782 1537 824 manus
1588 764 1898 843 effugerat
1946 764 2046 824 dic
2107 761 2738 838 Sanbartholomaea‚
2787 771 2850 824 ct

495 857 775 922 libellum
830 860 993 941 typis
1043 861 1413 922 mandatum
1460 880 1595 921 esse
1645 870 1792 943 post
1839 861 2116 923 auctoris
2164 866 2434 921 mortem
2487 880 2526 920 a
2575 862 2848 922 Mornaeo

494 956 751 1027 Plessio‚
796 957 903 1037 qui
955 958 1326 1035 prael'atione
1374 958 1624 1019 ornavit
1671 959 2008 1037 obsignata
2051 957 2174 1019 hoc
2221 958 2484 1018 mentito
2526 958 2780 1019 nominc
2827 981 2841 1018 ε

492 1055 665 1116 Cono
693 1055 1103 1135 Superantius
1132 1058 1385 1150 Vasco

571 1152 837 1232 Inquirit
862 1153 1067 1233 primo
1100 1150 1330 1214 auctor
1356 1173 1435 1213 an
1478 1154 1714 1215 subditi
1751 1153 2022 1265 debeant
2067 1153 2460 1234 principibus
2499 1153 2758 1215 obedire
2791 1153 2843 1213 si

488 1250 642 1330 quid
670 1257 893 1311 contra
922 1249 1123 1329 legem
1153 1252 1263 1311 Dei
1292 1242 1724 1331 imperent..

570 1350 645 1407 Et
682 1348 894 1407 statim
946 1348 1341 1428 respondet:
1390 1372 1418 1404 «
1467 1348 1743 1427 Regibus
1792 1355 2054 1430 propter
2094 1351 2320 1425 Deum,
2362 1366 2490 1409 non
2539 1348 2840 1408 adversus

490 1446 712 1523 Deum,
761 1446 890 1505 Deo
930 1446 1406 1520 servientibus,
1420 1465 1547 1507 non
1597 1445 2100 1522 adversantibuS,
2148 1445 2259 1506 Dei
2297 1446 2448 1525 jura
2494 1446 2836 1520 tuentibuS,

492 1562 621 1604 uon
648 1542 1120 1615 invadentibus,
1143 1544 1810 1625 obtemperandum.»
2065 1564 2070 1571 ·

571 1639 733 1700 Illud
764 1659 897 1720 prae
926 1658 992 1701 se
1022 1642 1189 1719 gerit
1212 1643 1542 1723 proprium
1575 1648 1638 1703 et
1666 1641 1981 1722 peculiare
2013 1592 2275 1701 Huberti
2311 1640 2615 1718 Langueti
2657 1639 2839 1715 liber,

491 1736 660 1816 quod
700 1738 875 1815 opeii
914 1738 1166 1798 subdita
1206 1746 1299 1799 est
1340 1759 1511 1801 nova
1546 1740 1846 1819 quadam
1885 1738 2193 1812 docmina,
2239 1737 2338 1804 cui
2380 1738 2540 1797 mira
2578 1737 2643 1797 in
2693 1756 2842 1817 pos-

494 1842 694 1896 terum
738 1835 1070 1897 deberetur
1098 1837 1374 1909 fortuna,
1410 1839 1620 1898 nescio
1653 1856 1778 1917 qua
1809 1842 2177 1899 contractus
2207 1835 2464 1917 species.
2498 1836 2579 1894 At
2607 1853 2736 1896 non
2766 1854 2846 1895 ex

493 1950 619 1992 una
648 1952 947 2013 meraque
976 1934 1218 1995 ratione
1246 1934 1852 1995 demonstrationem
1884 1941 1946 1994 et
1971 1932 2368 1995 conditiones
2391 1932 2570 1993 iliius
2591 1931 2844 1993 foederis

490 2030 766 2109 excudit,
810 2030 981 2110 quod
1022 2030 1177 2091 nihil
1212 2032 1293 2092 ad
1336 2051 1515 2091 usum
1567 2032 1665 2093 vel
1701 2031 2154 2112 experientiam
2193 2030 2574 2109 pertinebat,
2613 2029 2724 2090 sed
2761 2030 2844 2091 ab

490 2126 774 2201 historia,
812 2148 922 2189 nec
954 2148 991 2187 a
1023 2131 1309 2190 Romana
1341 2136 1584 2190 tantum
1621 2135 1688 2190 ut
1719 2128 2186 2201 MachiavelluS‚
2220 2126 2530 2188 Gallicave
2561 2133 2631 2187 ut
2657 2128 2844 2188 Hoto-

489 2244 735 2300 manuS‚
770 2227 875 2287 sed
910 2228 988 2287 ab
1021 2228 1374 2305 antiquiore
1401 2235 1463 2289 et
1493 2227 1695 2289 multo
1725 2227 1928 2306 magis
1955 2225 2337 2296 veneranda,
2372 2223 2434 2286 id
2475 2230 2570 2285 est.
2600 2225 2680 2285 ab
2712 2224 2836 2285 his·

490 2322 653 2383 toria
699 2342 898 2385 sacra.
947 2326 996 2384 A
1048 2324 1385 2405 Scripturis
1414 2331 1816 2403 'argumenta
1853 2323 2167 2404 expromit
2205 2328 2268 2383 et
2309 2321 2616 2382 librorum
2661 2340 2839 2383 sanc-

490 2426 699 2481 torum
731 2422 1105 2483 auctoritate
1136 2422 1311 2483 fulcit
1340 2428 1647 2502 concepta
1676 2441 1812 2494 sua,
1845 2430 2076 2501 eosque
2108 2427 2176 2482 ut
2205 2420 2491 2481 ultimam
2527 2420 2833 2481 rationem

489 2518 661 2593 colit,
696 2525 757 2580 et
797 2520 875 2581 ad
914 2538 1168 2581 omnem
1208 2520 1497 2601 quamvis
1538 2525 1788 2598 gentem
1826 2519 2237 2582 christianam
2274 2518 2609 2581 convenire
2650 2518 2834 2598 proii-

490 2623 656 2686 tetur
684 2617 1129 2697 quodeumque
1153 2619 1235 2680 ab
1257 2618 1534 2679 Hebraeis
1565 2617 1827 2679 oriatur.

488 2776 754 2824 Mornaeus
786 2775 1003 2825 Thomae
1031 2776 1266 2826 Guarino
1298 2778 1634 2839 typographo
1665 2775 1892 2833 tradidit
1928 2775 2306 2826 excudendum
2338 2780 2392 2825 et
2416 2774 2634 2838 publico
2669 2775 2838 2834 dedit,

487 2860 655 2910 quum
689 2851 811 2910 post
836 2847 1075 2897 auctoris
1106 2848 1315 2897 obitum
1342 2850 1396 2897 in
1427 2862 1580 2897 suam
1611 2851 1934 2910 potestatem
1965 2847 2219 2896 venisset.
2243 2847 2396 2906 Quod
2426 2851 2605 2895 tamen
2628 2845 2842 2895 distulit

490 2917 727 2967 indicare
756 2922 1057 2979 noster‚'ne
1088 2919 1411 2968 sanctissimi
1440 2919 1535 2968 viri
1569 2933 1756 2969 manes
1787 2919 2058 2968 immerito
2085 2919 2523 2968 sollicitarentur.
2551 2936 2575 2960 ν»
2609 2917 2838 2981 (Disqeei-

485 2989 607 3036 sitio
639 2990 703 3036 de
727 2993 923 3038 autore
966 2990 1324 3038 vindiciarum
1360 2993 1545 3039 contra
1589 2993 1844 3053 tyrannos
1881 3003 1996 3054 quoe
2031 2989 2124 3037 sub
2161 2990 2364 3038 nomine
2404 2988 2660 3051 Stephani
2694 2988 2842 3037 ,Ιιιηὶῑ

487 3060 638 3108 Bruti
664 3061 819 3108 Celtae
837 3059 1116 3124 aliquoties
1136 3062 1275 3124 typis
1294 3062 1443 3110 editoe
1464 3064 1607 3110 sunt.
1632 3060 2040 3117 Amstelodami,
2062 3074 2128 3110 ex
2152 3060 2368 3110 officina
2394 3059 2590 3123 AEgidii
2620 3059 2839 3109 Valcke-

488 3131 621 3190 nier,
652 3145 795 3180 anno
826 3134 963 3192 1662,
990 3133 1143 3196 in-8.)

545 3202 731 3264 ltaque
753 3203 1051 3264 principem
1075 3203 1369 3253 editionem
1391 3202 1754 3264 Gallicamque
1775 3203 2076 3252 versionem
2104 3215 2244 3251 anno
2275 3205 2392 3251 1581
2419 3201 2560 3264 typis
2581 3214 2836 3250 excussas

482 3272 667 3333 fuisse,
690 3277 743 3322 et
771 3273 1129 3336 antiquiorem
1154 3288 1355 3338 annum
1380 3273 1580 3324 libellis
1610 3273 1742 3322 falso
1764 3273 2101 3335 inscripsisse
2123 3272 2415 3323 Guarinum
2440 3271 2834 3334 typographum

482 3343 637 3392 nobis
675 3343 905 3393 videtur.
942 3345 1077 3394 Huic
1116 3346 1395 3394 sententioe
1436 3345 1668 3394 assentit
1699 3343 1933 3406 Agrippa
1966 3343 2210 3392 Albinius
2245 3345 2298 3391 in
2331 3343 2571 3392 secunda
2598 3342 2837 3392 Historiae

484 3413 799 3464 Um'versalis
832 3415 1102 3476 editione,
1134 3419 1187 3467 et
1224 3421 1604 3479 argumentum
1647 3417 1828 3479 magni
1882 3415 2141 3465 momenti
2185 3415 2363 3475 affert,
2401 3415 2606 3478 quippe
2649 3416 2741 3476 qui
2781 3414 2836 3462 iu

478 3485 651 3547 prima
686 3486 927 3537 editione
970 3488 1265 3538 Mornoeum
1308 3492 1369 3538 ut
1412 3487 1780 3538 vindiciarum
1825 3492 2100 3537 auctorem
2152 3486 2546 3548 designaverat.
2589 3487 2835 3548 Plerique

478 3557 805 3608 recentiores
854 3562 1104 3608 auctores
1142 3559 1342 3609 Albinii
1381 3558 1708 3608 sententiam
1753 3562 2042 3624 sequentes
2079 3557 2344 3608 Vindicius
2375 3558 2606 3620 scriptas
2650 3569 2767 3606 esse
2805 3569 2836 3604 a

480 3627 753 3689 Langueto
782 3624 1070 3679 affirmant.

542 3698 791 3747 Ceterum
824 3705 905 3748 est
936 3713 1042 3748 una
1076 3713 1181 3748 non
1204 3701 1603 3750 contemnenda
1631 3702 1964 3763 conjectura,
1990 3715 2055 3750 ex
2085 3702 2244 3763 sty10,
2267 3701 2526 3750 methodo
2551 3704 2606 3749 et
2631 3700 2836 3750 ratione

480 3769 783 3818 disserendi
811 3771 1110 3834 desumpta,
1142 3785 1282 3832 quae,
1316 3776 1373 3818 ut
1399 3772 1513 3831 jam
1547 3771 1935 3835 Disquisitionis
1966 3786 2128 3836 supra
2160 3773 2341 3826 citatae
2369 3777 2560 3821 auctor
2598 3771 2838 3834 scripsit,

481 3839 759 3904 ingenium
786 3844 840 3889 et
869 3841 1049 3890 studia
1077 3841 1275 3890 eruditi
1294 3842 1693 3905 jurisconsulti,
1713 3845 1878 3903 atque
1909 3857 2017 3892 una
2044 3843 2322 3893 exercitati
2354 3841 2674 3906 expertique
2705 3842 2836 3906 poli-

478 3909 592 3971 tici,
622 3911 713 3972 qui
753 3926 918 3960 mores
950 3911 1221 3961 hominum
1254 3911 1543 3962 multorum
1579 3911 1712 3962 vidit
1741 3916 1792 3961 et
1824 3913 1988 3971 urbes,
2021 3928 2209 3976 sapere
2246 3914 2542 3964 videretur.
2575 3933 2600 3958 α
2643 3913 2840 3963 Praeter

472 3980 615 4041 juris
645 3982 869 4031 Romani
902 3988 954 4032 et
976 3983 1489 4047 jurisconsultorum
1525 3984 1832 4044 citationeS‚
1857 3983 2158 4047 allegantur
2182 3986 2444 4042 historiae,
2463 3986 2610 4047 jura,
2637 3989 2838 4035 statuta

476 4053 531 4100 et
556 4065 731 4102 mores
754 4054 1060 4114 politiarum
1094 4067 1562 4118 quarumcumque
1590 4054 1907 4117 specialium
1942 4055 1998 4103 in
2028 4056 2258 4117 Europa,
2279 4070 2400 4118 quae
2423 4070 2454 4104 a
2474 4056 2696 4106 nemine
2717 4069 2837 4117 pro·

474 4121 641 4172 ficisei
675 4128 984 4186 potuerunt,
1017 4126 1120 4174 nisi
1153 4126 1239 4175 cui
1262 4139 1358 4190 per
1388 4126 1882 4189 peregrinationes,
1909 4127 2203 4176 multorum
2232 4126 2578 4188 politicorum
2611 4126 2837 4176 familia-

472 4191 679 4254 ritateS‚
711 4194 955 4245 assiduas
982 4194 1305 4258 scriptiones
1345 4196 1878 4257 communicatoriaS,
1911 4201 2159 4260 proprias
2189 4197 2411 4258 insuper
2438 4197 2836 4261 negotiationes

476 4276 538 4311 ac
571 4265 896 4325 pragmatias
934 4280 1129 4316 arcana
1168 4267 1715 4330 Rerumpublicarum
1757 4270 1812 4317 et
1845 4269 2090 4318 aularum
2134 4271 2414 4330 perspecta
2453 4273 2628 4318 eraut.
2657 4268 2836 4318 Talem

474 4347 604 4385 vero
630 4335 794 4385 fuisse
823 4337 1161 4398 Languetum
1192 4343 1247 4388 et
1277 4339 1451 4401 elogia
1474 4339 2048 4400 praestantissimorum
2075 4339 2338 4400 virorum,
2360 4343 2414 4388 et
2437 4353 2560 4402 quae
2591 4341 2838 4400 prostant

476 4405 718 4465 epistoloe
750 4407 916 4470 ipsius
946 4409 1013 4457 ad
1045 4408 1342 4474 Sidnejum,
1370 4415 1424 4459 et
1452 4409 1818 4460 Camerini-um
1845 4409 2062 4459 abunde
2095 4411 2278 4459 testari
2312 4414 2558 4471 possunt.
2591 4429 2615 4453 n
