3131 5145
1086 1494 1396 1569 CAPUT
1460 1496 1833 1569 PRIMUM

630 1794 715 1842 DE
767 1790 1233 1841 TYRANNICIDIO
1285 1792 1458 1839 APUD
1511 1790 1784 1840 GRAECOS
1836 1792 1917 1839 ET
1971 1789 2287 1841 ROMANOS

362 2038 438 2097 In
493 2038 852 2097 Graecorum
891 2033 1244 2109 annalibuS,
1298 2033 1424 2095 duo
1464 2032 1604 2109 viri,
1650 2033 1881 2094 eximio
1926 2034 2257 2114 splendore
2295 2034 2633 2114 fulgenteS,

282 2135 556 2215 speciem
615 2152 807 2213 quam
855 2131 1238 2193 vividissime
1300 2150 1666 2212 expressam
1722 2131 2021 2193 exhibent
2076 2152 2090 2193 :
2148 2133 2525 2194 Harmodius
2576 2140 2639 2195 et

279 2232 674 2312 Aristogiton
706 2229 1049 2293 arctissime
1087 2231 1253 2291 inter
1283 2249 1347 2291 se
1379 2230 1719 2308 conjuncti.
1751 2230 1866 2301 Qui
1900 2230 2337 2312 quidem,post
2368 2232 2637 2313 Hippar-

281 2332 389 2393 chi
429 2330 662 2392 caedem
696 2329 761 2389 in
794 2328 1003 2389 locum
1047 2346 1440 2389 summorum
1488 2327 1757 2389 heroum
1798 2328 2101 2407 provecti,
2137 2336 2371 2401 tamen,
2405 2331 2458 2391 si
2486 2349 2636 2391 auc-

285 2437 490 2490 torem
514 2426 943 2507 Thucydidem
971 2426 1253 2505 sequaris
1281 2427 1327 2497 ¹,
1351 2424 1518 2485 foeda
1541 2426 1819 2504 quadam
1846 2430 1906 2485 et
1929 2426 2100 2506 turpi
2120 2444 2309 2487 causa
2337 2428 2416 2487 ad
2439 2427 2640 2488 vindi-

279 2526 522 2589 candas
547 2525 829 2606 privatas
860 2522 1123 2603 injurias
1150 2522 1404 2584 deducti
1433 2529 1600 2584 sunt.
1627 2524 1786 2595 Quin
1808 2524 1936 2586 imo
1966 2543 2096 2586 non
2125 2526 2328 2587 solum
2362 2525 2641 2588 Athenas

283 2626 585 2689 servitute
611 2643 738 2686 non
767 2623 1220 2700 liberaverunt,
1243 2622 1352 2682 sed
1373 2621 1562 2684 etiam
1595 2622 1661 2682 id
1687 2628 1933 2684 tantum
1956 2625 2277 2703 profecere
2301 2631 2369 2686 ut
2392 2624 2639 2706 Hippiae

283 2724 595 2788 saevitiam
619 2727 935 2797 acuerent,
952 2721 1564 2800 Atheniensibusque
1587 2721 1841 2798 gravius
1862 2722 2397 2783 etintolerabilius
2409 2718 2637 2803 jugum

285 2825 713 2903 imponerent,
739 2821 962 2891 donec,
989 2837 1101 2898 per
1131 2818 1530 2880 Cleomenem
1562 2819 2111 2880 Lacedaemonium
2139 2839 2354 2898 everso
2382 2821 2634 2901 Hippia,

285 2921 548 2983 tandem
587 2917 783 2980 oculis
825 2917 1124 2978 effulserit
1165 2922 1470 2977 renovata
1511 2917 1787 2978 libertas,
1830 2918 2151 2992 Attamen,
2196 2923 2407 2996 spreto
2438 2919 2638 3000 scrip-

291 3028 504 3081 torum
555 3015 938 3088 testimonio,
980 3015 1254 3095 populus
1301 3014 1617 3075 alacribus
1661 3014 1881 3075 studiis
1928 3015 2219 3076 incensus
2267 3035 2393 3077 non
2438 3017 2639 3080 secius

288 3115 702 3178 Harmodium
747 3120 809 3174 et
843 3112 1332 3190 Aristogitonem
1377 3111 1669 3172 laudibus
1711 3112 2034 3187 extollere,
2069 3131 2369 3175 eorumve
2398 3134 2639 3177 memo-

290 3215 452 3275 riam
480 3229 730 3273 summa
757 3209 1164 3273 veneratione
1192 3209 1509 3291 prosequi.
1541 3212 1737 3271 Nemo
1764 3229 1891 3270 non
1920 3210 2095 3270 novit
2125 3211 2455 3290 vulgatum
2483 3212 2641 3273 illud

284 3330 572 3383 carmen,
605 3328 644 3369 a
683 3307 1064 3381 Callistrato,
1104 3313 1174 3367 ut
1211 3306 1512 3386 creditur,
1545 3307 1965 3386 compositum
2007 3314 2069 3369 et
2110 3308 2293 3370 nobis
2330 3309 2410 3370 ab
2451 3310 2642 3372 Athe-

285 3428 432 3471 naeo
462 3412 777 3470 servatum
809 3407 854 3483 ²,
888 3405 1057 3486 quod
1098 3406 1410 3485 posterius
1440 3404 1610 3484 apud
1647 3403 2059 3466 Athenienses
2088 3407 2314 3467 festum
2349 3413 2411 3469 et
2440 3427 2642 3489 popu-

286 3509 421 3568 lare
449 3503 664 3566 floruit
698 3523 711 3563 :
1233 3501 1238 3506 '

603 3675 612 3682 ·
721 3638 784 3691 In
813 3635 986 3707 myrti
1013 3649 1176 3689 ramo
1209 3633 1470 3706 gladium
1499 3633 1705 3703 feram,

723 3716 880 3772 Sicut
910 3714 1252 3770 Harmodius
1277 3713 1771 3787 Aristogitonque,

724 3796 916 3860 Quum
945 3799 1261 3866 tyrannum
1294 3791 1647 3860 occiderunt,

722 3875 1068 3943 Liberasque
1101 3873 1354 3928 Athenas
1378 3873 1789 3944 praestiterunt.

720 3998 1032 4055 Carissime
1064 3997 1359 4067 Harmodi,
1393 4013 1511 4053 non
1545 3999 1744 4071 utique
1775 4003 2037 4056 mortuus
2068 4017 2128 4056 es
2162 4018 2175 4057 :

725 4082 1032 4135 Beatorum
1061 4077 1161 4132 sed
1188 4077 1248 4132 in
1277 4075 1479 4133 insulis
1511 4082 1567 4134 te
1598 4079 1761 4133 aiunt
1790 4095 1934 4150 esse,

719 4159 826 4214 Ubi
855 4157 1020 4212 velox
1049 4156 1294 4227 pedibus
1319 4157 1591 4225 Achilles,

717 4237 1110 4310 'l'ydidemque
1141 4236 1242 4292 ubi
1273 4237 1437 4292 aiunt
1465 4252 1588 4292 esse
1619 4237 1987 4295 Diomedum.

337 4404 395 4522 ἐ.
425 4399 675 4520 Χέἰιέῐξωί
702 4465 1253 4532 Deipnosophistarum
1280 4467 1419 4517 liber
1449 4466 1692 4518 decimus
1720 4467 1963 4531 quintus.
