3131 5145
1367 439 1652 500 ..7-

321 580 532 654 turpe.
577 573 864 654 Exempli
903 591 1096 634 causa
1142 579 1422 654 ponatur
1458 571 1722 654 aliquid,
1766 571 1939 652 quod
1978 577 2197 652 pateat
2243 570 2453 634 latius.
2507 571 2685 644 Quod

322 677 534 752 potest
571 673 779 752 majus
813 689 948 732 esse
982 668 1204 741 sceluS,
1249 689 1442 750 quam
1492 689 1623 732 non
1672 670 1865 730 modo
1923 669 2272 745 hominem,
2328 670 2439 732 sed
2492 670 2683 732 etiam

321 768 704 830 familiarem
754 767 1079 829 hominem
1125 767 1452 829 occidere?
1491 769 1655 828 Num
1694 766 1887 846 igitur
1933 785 1999 828 se
2044 767 2377 828 adstrinxit
2420 765 2679 842 scelere,

323 865 374 926 si
406 855 916 947 quis'tyrannum
950 864 1202 938 occidit,
1231 865 1527 945 quamvis
1554 863 1975 926 familiarem?
2003 864 2247 944 Populo
2270 864 2523 944 quidem
2555 867 2683 926 Ro·

324 982 516 1025 mano
543 982 674 1025 non
701 963 975 1040 videtur,
1011 962 1117 1042 qui
1148 981 1225 1023 ex
1256 963 1549 1024 omnibus
1574 961 1900 1042 praeclaris
1929 961 2113 1024 factis
2145 962 2301 1022 illud
2338 963 2682 1044 pulcherri-

323 1080 497 1122 mum
534 1060 875 1122 existimat.
909 1059 1076 1122 Vicit
1108 1078 1260 1138 ergo
1294 1059 1532 1122 utilitas
1573 1060 2015 1121 honestatem?
2051 1059 2180 1122 imo
2213 1079 2361 1122 vero
2389 1059 2682 1122 honesta-

321 1165 450 1220 tem
487 1158 727 1218 utilitas
756 1165 849 1219 est
883 1164 1221 1219 consecuta
1249 1157 1290 1218 ¹.
1325 1180 1357 1213 »

365 1258 538 1317 ‘Imo
585 1275 735 1316 vero
783 1255 942 1316 nulli
989 1273 1266 1335 unquam
1311 1255 1570 1316 utilitati
1608 1254 1726 1315 fuit
1765 1255 1970 1315 caedes
2012 1255 2267 1334 publica
2303 1255 2383 1316 ad
2430 1255 2683 1318 liberta·

321 1361 444 1416 tem
481 1353 961 1416 restituendam.
997 1353 1173 1426 Quod
1203 1353 1412 1433 patuit
1440 1359 1584 1433 post
1618 1354 1929 1413 Caesarem
1959 1371 2215 1414 caesum.
2246 1354 2477 1414 Rerum
2513 1353 2680 1416 enim

321 1458 551 1512 eventu
585 1451 764 1512 multi
800 1451 1045 1530 dempti
1075 1458 1221 1511 sunt
1257 1469 1522 1524 erroreS,
1561 1451 2035 1529 multorumque
2075 1469 2217 1530 spes
2256 1451 2535 1529 praecisae
2573 1455 2681 1512 aut

320 1549 586 1610 consilia
616 1549 680 1608 in
707 1549 1091 1611 contrarium
1116 1567 1319 1622 versa,
1341 1548 1668 1628 victorque
1688 1549 2006 1627 Augustus
2026 1547 2361 1627 imperium
2384 1547 2677 1610 instituit.

319 1647 531 1708 Multis
559 1647 693 1727 ipse
721 1647 1034 1709 obnoxius
1059 1645 1176 1707 fuit
1201 1645 1472 1721 sicariis3
1503 1646 1687 1706 multi
1716 1665 1829 1726 per
1856 1644 2169 1706 diutinum
2199 1645 2449 1724 imperii
2475 1664 2681 1710 aevum

319 1745 638 1825 principes
682 1745 833 1806 saevi
870 1745 1178 1806 militesve
1228 1745 1308 1805 ab
1348 1744 1569 1804 intimo
1615 1742 1815 1821 gradu
1868 1743 1947 1804 ad
1996 1763 2313 1803 summum
2357 1742 2679 1822 fastigium

320 1842 519 1903 evecti
556 1861 770 1902 necem
809 1842 1044 1904 obiere.
1078 1845 1240 1902 Dum
1271 1848 1486 1903 tamen
1516 1841 1726 1902 varios
1756 1841 2136 1902 sortiebatur
2162 1841 2453 1902 dominos
2483 1841 2681 1921 impe·-

321 1941 510 2014 rium,
549 1939 838 2000 eamdem
872 1940 1190 2001 servitutis
1218 1940 1490 2018 speciem
1516 1939 1826 2000 servabat.

401 2039 573 2099 Inter
598 2037 735 2098 haec
767 2044 980 2098 tamen
1005 2037 1413 2117 pervicaciter
1433 2037 1764 2098 fovebatur
1788 2035 2095 2096 libertatis
2119 2055 2323 2116 amor,
2347 2055 2679 2116 moresque

319 2141 380 2196 et
414 2134 676 2197 habitus
714 2155 752 2196 a
796 2136 1146 2215 maioribus
1185 2135 1400 2196 traditi
1437 2154 1550 2215 per
1584 2136 1849 2196 adversa
1886 2141 1949 2195 et
1988 2154 2213 2214 aspera
2244 2135 2311 2196 in
2344 2134 2680 2196 reconditis

321 2233 675 2295 animorum
725 2233 1012 2312 partibus
1051 2234 1419 2312 superstites
1455 2232 1773 2312 vigebant.
1813 2232 2003 2310 Cujus
2044 2233 2135 2294 rei
2170 2233 2449 2294 maxima
2484 2233 2677 2295 docu-

320 2336 536 2391 menta
565 2331 818 2392 haurire
848 2331 1052 2411 possis
1087 2349 1166 2392 ex
1195 2331 1444 2410 scriptis
1475 2349 1618 2410 quae
1653 2330 1771 2391 sub
1799 2330 2287 2410 imperatoribus
2311 2331 2481 2413 edita
2508 2339 2674 2393 sunt.

381 2417 851 2503 'QuintilianuS,
875 2430 941 2490 in
971 2429 1346 2491 duodecimo
1376 2429 1448 2490 de
1474 2428 1869 2490 Institutione
1900 2429 2177 2490 oratoria
2205 2428 2388 2503 libro,
2418 2429 2679 2509 inquirit

321 2545 403 2588 an
422 2527 520 2589 vir
540 2526 775 2607 probus
797 2527 966 2606 apud
978 2527 1225 2606 judices
1249 2527 1457 2590 sicarii
1486 2546 1744 2589 causam
1768 2527 2097 2589 dicendam
2120 2527 2435 2609 suscipere
2456 2528 2672 2608 possit,

319 2632 381 2685 et
413 2643 670 2686 causam
693 2624 1104 2705 tyrannicidae
1127 2625 1361 2706 excipit
1387 2626 1452 2686 in
1485 2645 1613 2705 qua
1636 2626 1835 2687 virtus
1859 2633 1923 2687 et
1952 2625 2171 2705 religio
2198 2645 2323 2687 non
2352 2626 2431 2687 ad
2455 2626 2676 2687 ineun-

323 2721 473 2782 dum
506 2721 838 2783 consilium
864 2741 1090 2801 parum
1123 2724 1332 2784 valent
1366 2724 1416 2782 ².

398 2819 643 2880 Abhinc
688 2825 751 2879 et
786 2839 900 2899 per
945 2826 1149 2881 totum
1195 2821 1574 2881 senescentis
1622 2821 1868 2901 imperii
1908 2840 2135 2894 aevnm,
2172 2822 2348 2882 Bruti
2378 2827 2439 2882 et
2478 2820 2677 2883 Cassii

321 2920 581 2979 nomina
609 2936 859 2979 summa
886 2918 1295 2979 veneratione
1325 2919 1498 2979 fuere
1530 2918 1999 2980 commendata.

401 3017 612 3077 Refert
655 3016 992 3078 Suetonius
1031 3015 1358 3077 Albutium
1399 3017 1746 3091 rhetorem,
1791 3016 1900 3097 qui
1938 3035 2053 3077 nec
2096 3016 2515 3097 philosophus
2558 3037 2673 3080 nec

322 3114 610 3174 tribunus
639 3121 799 3193 erat,
834 3134 1027 3195 quum
1059 3113 1399 3175 Mediolani
1429 3116 1545 3175 sub
1576 3117 1859 3194 Augusto
1890 3114 2171 3195 principe
2202 3115 2370 3195 apud
2399 3134 2672 3196 procon-

319 3210 520 3272 sulem
557 3214 625 3273 L.
660 3213 953 3273 Pisonem
983 3212 1060 3272 de
1087 3212 1258 3273 caede
1289 3212 1564 3291 quadam
1600 3211 1855 3285 diceret,
1891 3218 2070 3274 tanto
2101 3213 2383 3274 omnium
2414 3231 2672 3293 perora·

319 3310 479 3370 visse
509 3328 766 3372 assensu
792 3315 854 3370 et
884 3312 1128 3383 lavore,
1156 3314 1226 3370 ut
1253 3309 1504 3370 lictores
1537 3313 1668 3370 fere
1695 3310 2039 3370 faventium
2071 3310 2327 3390 plausus
2365 3318 2429 3372 et
2464 3310 2673 3371 studia

320 3406 614 3469 cohibere
641 3426 772 3468 non
795 3408 1168 3488 potuissent.
1201 3405 1494 3467 Albutius
1522 3424 1667 3467 vero
1700 3412 1829 3468 tum
1869 3406 2111 3480 studiiS,
2145 3426 2341 3487 quum
2371 3406 2671 3487 interpel-

321 3504 660 3566 lationibus
709 3504 1016 3565 excitatus
1063 3504 1261 3566 Italiae
1311 3509 1548 3564 statum
1591 3504 1848 3564 effusius
1888 3504 2172 3565 miserari
2221 3505 2451 3565 iterum
2491 3506 2671 3585 quasi

320 3600 385 3661 in
411 3603 798 3682 provinciam
824 3621 1154 3664 romanam
1182 3601 1480 3675 reductae,
1506 3608 1565 3662 et
1597 3620 1793 3681 quum
1819 3608 1963 3663 ante
1994 3602 2209 3663 oculos
2228 3602 2405 3663 Bruti
2432 3602 2672 3682 efligies

323 3707 549 3775 staret,
609 3701 822 3781 legum
883 3700 1316 3780 libertatisque
1371 3700 1686 3761 vindicem
1737 3700 2061 3780 appellare
2109 3720 2253 3761 eum
2307 3720 2435 3761 non
2489 3701 2669 3761 dubi-

321 3799 498 3873 tavit,
530 3817 734 3878 neque
769 3798 1035 3859 multum
1070 3798 1273 3859 abfuit
1305 3798 1458 3878 quin
1488 3816 1712 3876 graves
1745 3804 1936 3859 tantae
1970 3798 2245 3859 audaciae
2277 3816 2502 3878 poenas
2533 3800 2670 3860 red-

322 3895 494 3957 deret
521 3899 568 3957 ³.

397 3993 738 4074 Vulgatum
769 3994 969 4055 Taciti
1001 3992 1211 4055 nobile
1243 3992 1403 4053 illud
1431 3993 1694 4054 verbum
1720 3992 1788 4053 in
1814 3993 2017 4054 Juniae
2050 3992 2358 4072 exsequiis
2392 4009 2407 4053 τ
2444 4016 2474 4050 «
2508 3995 2672 4054 Prae·

325 4092 645 4170 fulgebant
673 4092 902 4153 Brutus
933 4098 996 4152 et
1027 4090 1277 4152 Cassius
1303 4109 1377 4152 eo
1403 4091 1540 4171 ipso
1573 4092 1742 4171 quod
1768 4091 2075 4169 imagines
2106 4109 2326 4151 eorum
2354 4109 2484 4152 non
2516 4091 2671 4152 vise-

382 4262 424 4307 1.
452 4260 566 4309 Lib.
600 4260 692 4320 ΙΙΙ,
723 4260 770 4307 4.

381 4332 424 4379 2.
451 4330 695 4390 Quintil„
731 4330 843 4393 XII,
875 4333 921 4390 1,
951 4331 1032 4378 36.

383 4404 426 4449 3.
459 4401 776 4462 Suetonius,
801 4402 876 4453 De
903 4399 1062 4451 claris
1082 4397 1390 4458 rhetoribus,
1419 4413 1465 4449 c.
1491 4413 1562 4451 v1.
