3131 5145
1445 443 1768 507 ..56-

440 584 499 635 et
530 593 705 635 usum
738 575 1213 639 christianorum
1234 577 1618 659 principum,
1652 577 2080 659 politicorum,
2119 560 2489 649 aulicorum,
2526 576 2785 637 militum

442 690 678 733 recusa.
703 673 999 735 Omnium
1030 674 1298 754 denique
1338 674 1473 753 ejus
1516 694 1779 755 operum
1819 676 1989 756 quod
2033 676 2296 737 maximi
2324 676 2444 736 fuit
2487 672 2786 735 momenti

448 768 527 831 de
556 770 1051 833 Franco-Gallia
1080 792 1246 833 anno
1282 774 1437 836 1573
1455 773 1696 834 editum
1720 792 2080 852 expressam
2106 774 2398 835 factionis
2417 771 2787 833 calvinianae

446 868 754 930 rationem
796 875 858 929 et
895 870 1246 931 doctrinam
1287 870 1666 948 exhibebat?¹
1692 872 1925 952 quippe
1963 871 2130 950 quod
2172 877 2314 952 post
2350 870 2608 931 titulum
2637 869 2787 930 illud

449 963 872 1045 subscriptum
903 974 1147 1046 gereret
1184 984 1200 1028 :
1242 967 1294 1027 Τ
1288 977 1561 1029 ractatus
1592 955 1935 1048 isoyoqicus
1965 969 2042 1029 de
2079 968 2374 1048 regimine
2401 986 2614 1047 requm
2655 965 2788 1026 Gal-

446 1061 545 1123 12·ae
594 1073 654 1123 et
717 1065 794 1125 de
834 1065 988 1145 jure
1041 1066 1432 1126 successionis
1475 1084 1497 1127 .·
1546 1065 1815 1142 libellus,
1868 1075 2094 1127 statum
2137 1066 2359 1126 veteris
2420 1064 2790 1147 Reipublicae

447 1157 661 1221 Galliae
685 1171 811 1221 tum
837 1162 1053 1223 deinde
1072 1182 1111 1222 a
1139 1162 1401 1224 Francis
1428 1173 1741 1243 occupatae
1783 1163 2142 1225 describens.

523 1257 855 1337 StragIbus
893 1266 956 1320 et
980 1259 1275 1321 omnibus
1303 1260 1744 1322 vexationibus
1783 1261 2003 1340 agitati
2042 1265 2468 1341 protestantes
2506 1258 2584 1319 ad
2616 1276 2790 1319 arma

444 1354 808 1435 arripienda
853 1358 1054 1419 coacti
1096 1364 1265 1434 sunt,
1309 1365 1370 1419 et
1407 1378 1483 1419 ex
1529 1357 1824 1436 religiosa
1861 1358 2105 1419 familia
2143 1358 2207 1418 in
2255 1358 2592 1418 factionem
2629 1355 2790 1436 poli·

440 1452 626 1514 ticam
674 1454 905 1515 abiere.
933 1455 1109 1526 Quod
1142 1456 1492 1519 necessario
1523 1456 1659 1518 ficri
1687 1457 1979 1529 debebat,
2013 1456 2256 1517 decimo
2279 1460 2456 1516 sexto
2476 1454 2789 1534 praecipue

442 1550 677 1629 seculo,
710 1570 838 1631 qua
864 1557 1050 1614 aetate
1080 1554 1275 1614 civilis
1302 1559 1581 1638 potestas
1609 1559 1672 1616 et
1703 1554 1920 1631 religio
1965 1554 2327 1614 adstrictius
2357 1553 2523 1612 inter
2565 1570 2632 1612 se
2658 1570 2792 1612 con·

438 1647 679 1727 junctae
712 1656 922 1710 erant.
952 1651 1087 1722 Quo
1117 1651 1407 1731 perducti
1442 1659 1591 1713 sunt
1629 1652 1708 1713 ad
1752 1651 2194 1713 vindicandam
2237 1650 2620 1723 libertatem,
2652 1666 2789 1728 quae

449 1747 686 1808 nemini
717 1754 904 1809 antea
933 1748 997 1809 in
1028 1755 1302 1810 mentem
1326 1756 1741 1811 succurreret.
2151 1772 2156 1775 ·

526 1846 874 1906 Insumitur
903 1845 1059 1907 liber
1088 1846 1164 1907 de
1193 1847 1669 1908 Franco-Gallia
1699 1846 2018 1908 eliciendis
2046 1865 2121 1907 ex
2155 1844 2477 1925 praeterito
2510 1852 2792 1923 tempore

450 1942 801 2022 originibus
840 1950 903 2005 et
938 1946 1239 2006 institutis
1279 1945 1602 2005 libertatis,
1637 1946 1714 2005 Et
1752 1950 2042 2007 accurate
2075 1942 2422 2024 perquisita
2449 1941 2561 2002 illa
2592 1940 2792 2020 majo-

446 2058 588 2101 rum
632 2042 921 2104 instituta
965 2043 1042 2103 ad
1092 2062 1274 2103 suum
1325 2050 1574 2123 tempus
1623 2043 1829 2123 aptari
1871 2042 2044 2122 cupit
2091 2048 2334 2111 auctor,
2377 2046 2447 2100 ut
2475 2040 2622 2100 inde
2651 2057 2794 2099 exo·

446 2138 693 2199 riantur
747 2141 1028 2201 remedia
1084 2141 1263 2201 malis
1319 2140 1760 2218 praesentibus.
1811 2139 1960 2201 Ideo
2017 2139 2322 2219 praefatur
2376 2138 2474 2198 his
2518 2137 2725 2197 verbis
2775 2156 2786 2194 :

446 2258 477 2291 «
512 2233 831 2313 Cogitanti
879 2236 1035 2297 mihi
1083 2239 1159 2298 de
1203 2236 1690 2298 Franco-Galliae
1731 2242 1962 2297 nostrae
2013 2236 2338 2309 institutis,
2376 2240 2687 2315 quantum
2716 2232 2794 2293 ad

444 2351 624 2393 usum
685 2333 1045 2413 reipublicae
1104 2344 1369 2409 nostras,
1430 2342 1492 2396 et
1548 2336 1776 2397 horum
1835 2342 2189 2414 temporum
2251 2332 2790 2415 opportunitatem

444 2430 598 2490 satis
627 2448 757 2491 csse
786 2431 1123 2505 videbitur,
1157 2433 1549 2494 conscribere
1557 2458 1747 2495 ......

478 2569 485 2579 -
524 2518 827 2590 Thuanus
858 2530 1075 2610 paucis
1104 2530 1307 2592 verbis
1339 2530 1415 2592 de
1444 2530 1930 2594 Franco-Gallia
1957 2530 2044 2592 sic
2083 2529 2330 2592 locutus
2359 2533 2453 2590 est
2486 2547 2500 2587 :
2539 2551 2567 2583 α
2611 2526 2794 2589 Evul-

448 2633 633 2706 gatus
693 2628 914 2688 eodem
972 2635 1256 2710 tempore
1314 2629 1475 2690 liber
1530 2628 2050 2691 Franco—Gallia?
2105 2628 2334 2701 titulo;
2393 2645 2521 2707 quo
2579 2625 2796 2704 magni

448 2725 721 2787 nominis
768 2745 881 2786 sua
933 2731 1120 2788 aetate
1160 2727 1650 2808 jurisconsultus
1708 2727 1977 2809 probare
2026 2727 2276 2798 nititur,
2327 2742 2595 2804 regnum
2643 2721 2796 2783 illud

446 2823 612 2884 inter
668 2822 1158 2886 christianorum
1216 2826 1609 2907 principatus
1665 2825 2179 2887 florentissimum
2248 2841 2378 2884 non
2435 2820 2804 2884 hereditatis

450 2922 617 3000 jure,
660 2928 729 2983 ut
776 2923 1023 3002 privata
1070 2923 1474 3005 patrimonia,
1517 2925 1626 2985 sed
1673 2923 2022 2985 nobilitatis
2069 2941 2142 2982 ac
2185 2919 2403 3002 populi
2446 2920 2692 2999 judicio
2739 2923 2802 2981 ct

452 3019 767 3098 suffragiis
798 3020 1026 3081 deferri
1050 3022 1304 3082 solitum
1340 3042 1354 3081 τ
1390 3028 1476 3093 et,
1512 3029 1583 3082 ut
1612 3021 2046 3099 eligendorum
2079 3039 2296 3098 regum
2330 3021 2797 3096 auctoritatem,

451 3115 542 3176 ita
572 3122 633 3177 et
671 3116 1171 3179 abdicandorum
1211 3126 1273 3180 et
1311 3118 1934 3180 exauctorandorum
1973 3122 2351 3198 potestatem
2391 3137 2584 3197 penes
2623 3115 2803 3195 regni

460 3213 717 3275 comitia
746 3220 808 3274 et
836 3215 1159 3295 publicum
1198 3217 1401 3296 gentis
1442 3222 1822 3278 conventum
1863 3214 2212 3296 antiquitus
2251 3214 2552 3287 extitisse,
2585 3232 2803 3276 exem·

454 3312 578 3395 plis
615 3333 692 3375 ex
729 3313 1005 3396 Philippi
1045 3314 1297 3393 valesii,
1340 3315 1626 3387 JoanniS,
1669 3313 1877 3375 Caroli
1914 3315 1988 3391 V,
2023 3312 2237 3374 Caroli
2274 3313 2377 3392 vl,
2421 3331 2495 3374 ac
2532 3312 2804 3392 denique

454 3412 755 3475 Ludovici
806 3415 886 3475 XI
937 3415 1326 3494 temporibus
1380 3413 1679 3494 repetitis
1731 3413 1800 3474 Id
1855 3431 2005 3474 vero
2050 3411 2323 3472 maxime
2372 3416 2576 3490 urget,
2628 3409 2805 3471 omni

454 3518 741 3591 tempore
771 3507 839 3573 ut
870 3532 909 3574 a
935 3512 1323 3574 successione
1354 3513 1441 3574 sic
1479 3530 1517 3571 a
1546 3511 1801 3592 publica
1830 3511 2002 3572 omni
2034 3510 2476 3589 procuratione
2507 3507 2805 3570 mulieres

457 3610 739 3672 exclusas
769 3609 957 3671 fuisse
984 3613 1023 3669 ¹.
1059 3635 1091 3668 »

542 3708 704 3768 Sane
747 3707 812 3766 in
857 3696 1132 3767 errorem
1176 3707 1253 3768 de
1301 3707 1570 3768 historia
1618 3707 1787 3768 haud
1831 3705 2024 3767 semel
2074 3705 2449 3785 prolabitur,
2495 3705 2809 3784 indigesta

458 3821 626 3885 saepc
665 3802 1016 3865 eruditione
1056 3803 1355 3882 imbutu8‚
1398 3804 1505 3864 sed
1556 3803 1862 3865 laudabili
1899 3804 2236 3865 verborum
2275 3802 2593 3881 elegantia
2629 3821 2808 3864 com-

464 3900 799 3964 mendatur
847 3900 1025 3962 liber.
1072 3903 1363 3962 Ceterum
1411 3909 1473 3962 et
1520 3904 1583 3962 in
1634 3902 1924 3980 vagando
1969 3919 2082 3982 per
2128 3907 2410 3961 retrusas
2456 3900 2808 3962 Germanioe

460 4000 649 4062 silvas
678 3999 925 4062 assidue
954 4002 1345 4062 Hotomanus
1374 4000 1456 4061 ad
1488 4000 1765 4080 aequales
1796 4006 2069 4060 mentem
2109 4006 2170 4060 ct
2199 3999 2484 4059 animum
2515 3997 2806 4060 intendit.

462 4099 582 4176 Ita,
605 4098 684 4158 ad
715 4097 1099 4179 exemplum,
1124 4098 1346 4179 quinto
1376 4097 1656 4179 capitulo
1683 4097 1759 4158 de
1779 4099 2165 4158 Francorum
2191 4098 2469 4171 nomine,
2491 4095 2810 4178 variisque

456 4195 954 4270 excursionibus,
1003 4203 1066 4257 et
1112 4216 1239 4276 quo
1290 4202 1577 4277 tempore
1634 4214 1896 4273 regnum
1947 4195 2067 4256 sibi
2117 4195 2182 4255 in
2227 4194 2424 4256 Gallia
2473 4194 2810 4257 constitue·

520 4410 564 4458 1.
592 4407 708 4458 Lib.
738 4409 819 4469 57,
847 4408 915 4458 ad
942 4421 1143 4458 annum
1177 4409 1319 4462 1574.
