3131 5145
1488 480 1568 499 -.-
1611 444 1832 507 944..-

480 580 828 652 sentit.llta
873 583 999 643 fere
1050 582 1219 663 apud
1268 597 1487 643 omnes
1534 579 1763 641 decimi
1805 580 1968 641 sexti
2010 581 2206 641 seculi
2249 582 2592 662 scriptores
2631 584 2850 664 vigent·

480 672 817 764 populares
863 679 1215 752 instinctus,
1244 685 1307 740 et
1350 678 1431 739 ab
1480 678 1776 739 omnibus
1823 679 2112 739 certatim
2159 698 2268 739 seu
2319 683 2842 759 protestantibuS,

483 800 590 843 seu
640 777 965 840 catholicis
1009 796 1225 855 regum
1281 781 1561 856 potestas
1609 776 1955 837 subruitur.
2003 776 2184 847 Quod
2233 776 2283 836 si
2326 778 2738 861 quibusdam,
2777 788 2846 843 ut

486 878 807 954 Marianae,
840 875 1146 937 submisse
1186 873 1523 936 toleranda
1562 882 1628 934 ct
1665 874 1932 937 colenda
1971 874 2280 948 videatur,
2311 878 2590 953 graviter
2631 885 2846 941 tamen

486 976 827 1039 offenditur
862 979 925 1034 et
967 974 1221 1035 laeditur
1267 974 1370 1036 vel,
1408 972 1720 1053 impositis
1765 972 2072 1044 terminis,
2117 973 2214 1033 vel
2260 974 2585 1037 intentatis
2631 977 2834 1039 minis.

486 1079 621 1138 Non
661 1073 910 1135 dubitat
949 1071 1231 1151 profiteri
1270 1072 1555 1132 Mariana
1591 1090 1806 1149 regem
1847 1070 2088 1132 civitati
2128 1072 2641 1152 posthabendum
2681 1093 2841 1151 esse,

486 1174 550 1234 id
579 1178 673 1233 est
696 1189 889 1251 supra
912 1169 1225 1248 principes
1244 1168 1523 1229 eminere
1554 1168 1865 1248 populum
1894 1174 1954 1229 et
1973 1168 2114 1228 ideo
2137 1170 2374 1247 regiam
2394 1172 2838 1234 auctoritatem

487 1290 618 1339 non
658 1288 695 1328 a
732 1274 963 1328 natura
998 1266 1099 1327 vel
1135 1284 1175 1327 a
1209 1268 1365 1339 Deo,
1396 1265 1504 1325 sed
1549 1282 1588 1324 a
1628 1264 1866 1345 populo
1913 1271 2142 1341 ortam,
2179 1284 2302 1326 non
2355 1266 2420 1327 in
2464 1274 2841 1347 perpetuum

485 1370 595 1429 sed
641 1366 720 1427 ad
769 1371 1018 1444 tempus
1067 1361 1451 1441 delegatam,
1502 1380 1618 1423 nec
1660 1362 1781 1422 nisi
1833 1370 2148 1424 annuente
2199 1364 2434 1443 populo
2483 1366 2872 1445 legitimam·

489 1484 646 1527 esse.
1605 1522 1610 1525 .
2255 1518 2264 1529 .

570 1562 851 1622 Primum
888 1559 1150 1638 inquirit
1188 1558 1467 1619 Mariana
1511 1558 1662 1637 quid
1705 1558 1953 1619 intersit
2000 1558 2378 1620 discriminis
2423 1560 2588 1621 inter
2631 1580 2846 1640 regem

490 1668 553 1721 et
598 1667 962 1739 tyrannum.
1019 1681 1048 1712 «
1096 1658 1252 1718 Cum
1306 1656 1469 1734 regis
1520 1656 1654 1717 veri
1705 1663 1918 1736 partes
1977 1657 2126 1736 sint,
2175 1658 2338 1721 tueri
2387 1658 2842 1732 innocentiam,

386 1798 393 1803 -
494 1776 778 1821 coercere
810 1754 1306 1835 improbitatem,
1342 1754 1495 1815 dare
1522 1753 1814 1828 salutem,
1851 1754 2308 1835 rempublicam
2339 1755 2521 1817 bonis
2551 1758 2848 1818 omnibus

493 1863 681 1936 atque
711 1854 1012 1915 felicitate
1044 1851 1431 1932 amplificare
1467 1870 1480 1913 :
1512 1858 1822 1932 tyrannus
1851 1860 2073 1914 contra
2107 1854 2454 1915 maximam
2493 1855 2850 1933 potentiam

492 2051 609 2113 sibi
652 2050 941 2111 dedecori
984 2049 1119 2109 fore
1173 2054 1376 2127 putat,
1425 2046 1668 2107 nullum
1729 2054 1824 2108 est
1877 2055 2123 2109 tantum
2178 2048 2422 2110 facinus
2484 2050 2656 2129 quod
2719 2070 2848 2113 non

494 2148 929 2229 aggrediatur3
983 2146 1333 2226 potentium
1378 2146 1679 2206 fortunas
1731 2146 1986 2221 evertit,
2038 2164 2153 2226 per
2203 2147 2332 2208 vim
2389 2148 2600 2209 labem
2657 2150 2850 2211 castis

491 2248 703 2321 infert,
734 2246 916 2307 bonis
954 2245 1154 2305 vitam
1196 2244 1405 2323 eripit,
1448 2243 1824 2325 nullumque
1863 2252 1957 2305 est
1995 2244 2212 2325 probri
2251 2264 2472 2323 genus,
2503 2247 2680 2328 quod
2721 2266 2846 2309 non

494 2329 555 2405 in
577 2343 763 2428 9111111
788 2344 919 2406 vita
950 2342 1250 2423 suscipiat
1281 2343 1325 2403 ¹.
1362 2366 1393 2398 »

573 2442 807 2503 Deinde
840 2442 919 2501 ad
954 2439 1352 2521 tyrannicidii
1378 2439 1796 2520 quaestionem
1826 2440 2068 2501 accedit
2102 2459 2116 2503 :
2149 2460 2232 2501 an
2258 2447 2602 2519 tyrannum
2635 2444 2849 2524 oppri-

497 2560 665 2604 mere
704 2541 800 2602 fas
842 2538 920 2599 sit
950 2538 994 2600 ².
1027 2538 1353 2602 Arcessitis
1391 2538 1598 2618 primo
1637 2539 1721 2600 ad
1757 2539 2205 2601 documentum
2245 2541 2374 2602 sive
2413 2540 2495 2601 ab
2533 2542 2846 2628 antiquis,

497 2641 623 2702 sive
668 2659 706 2700 a
745 2638 1196 2700 recentioribus
1230 2637 1555 2718 exempliS‚
1589 2638 1840 2699 Henrici
1884 2638 2054 2699 tertii
2091 2637 2328 2700 caedem
2375 2647 2632 2701 enarrat
2673 2648 2740 2702 et
2785 2642 2850 2702 in

498 2738 819 2800 laudando
874 2736 1112 2798 Jacobo
1168 2735 1477 2797 Clementi
1528 2735 1912 2798 immoratur
1963 2755 1976 2798 :
2033 2761 2064 2794 «
2109 2737 2378 2799 Irritatae
2427 2736 2852 2800 multitudinis

496 2837 641 2899 odio
685 2833 983 2916 principis
1017 2839 1272 2913 quantae
1307 2834 1433 2894 sint
1468 2834 1654 2908 vireS‚
1687 2834 1907 2915 populi
1939 2835 2244 2898 invidiam
2286 2836 2547 2899 rectoris
2584 2837 2848 2899 exitium

497 2955 653 3008 esse,
712 2933 927 2994 multis
979 2931 1283 3011 exemplis
1349 2938 1483 2992 tum
1552 2933 1833 3012 antiquis
1904 2940 2038 2994 tum
2105 2934 2459 2996 recentibus
2529 2936 2852 3016 explicare

496 3039 859 3114 promptum
910 3036 1024 3092 est.
1067 3033 1403 3110 Nuperque
1442 3030 1507 3091 in
1542 3031 1741 3092 Gallia
1785 3032 2245 3093 monimentum
2289 3034 2504 3095 nobile
2542 3042 2637 3113 est
2675 3055 2854 3097 cons-

497 3133 753 3192 titutum
786 3150 800 3189 :
834 3147 961 3207 quo
984 3127 1369 3208 perspicitur
1406 3129 1627 3208 quanti
1661 3130 1894 3190 referat
1922 3130 2330 3210 popularium
2369 3131 2614 3194 animos
2654 3152 2850 3214 paca-

494 3235 593 3290 tos
632 3246 787 3299 csse,
823 3225 1051 3306 quibus
1090 3244 1213 3286 non
1256 3226 1513 3306 perinde
1544 3245 1619 3286 ac
1655 3227 2027 3307 corporibus
2067 3229 2441 3308 imperatur,
2477 3230 2725 3310 insigne
2767 3232 2850 3292 ad

500 3327 868 3388 memoriam
918 3330 1107 3403 atque
1152 3324 1529 3386 miserabile.
1577 3325 1884 3386 Henricus
1929 3327 2313 3388 eonomine
2359 3329 2578 3389 tertius
2635 3330 2852 3392 Galliae

499 3446 604 3488 rex
643 3427 814 3505 jacet
858 3441 1050 3482 manu
1093 3422 1390 3484 monachi
1439 3429 1824 3502 peremptuS‚
1865 3424 2172 3486 medicato
2230 3425 2434 3487 cultro
2493 3427 2558 3486 in
2612 3429 2855 3491 viscera

498 3525 746 3594 adactO,
782 3520 1015 3582 foedum
1052 3519 1481 3599 spectaculum
1504 3513 1584 3580 ⁵in
1631 3521 1848 3600 paucis
1885 3522 2318 3597 memorabile,
2355 3524 2466 3585 sed
2509 3543 2636 3604 quo
2680 3527 2854 3607 prin-

498 3623 667 3700 cipes
719 3620 1087 3690 doceantur‚
1131 3619 1361 3698 impios
1413 3637 1602 3680 ausus
1657 3618 1828 3681 haud
1874 3620 2134 3701 impune
2192 3621 2440 3696 cadere,
2492 3623 2853 3705 principum

504 3717 849 3802 potentiam
899 3714 1275 3776 imbecillem
1323 3735 1479 3794 esse,
1520 3717 1573 3777 si
1625 3718 1977 3780 reverentia
2031 3717 2112 3780 ab
2170 3719 2396 3780 animis
2453 3719 2852 3784 subditorum

500 3815 693 3879 semel
740 3812 1235 3875 abscesserit.'....
1270 3816 1387 3874 Res
1435 3816 1898 3895 propemodum
1943 3816 2328 3896 deploratas,
2372 3819 2557 3879 unius
2597 3819 2853 3898 juvenis

503 3915 765 3977 audacia
794 3912 873 3972 ad
902 3919 1153 3991 tempus
1177 3910 1365 3972 breve
1394 3919 1559 3973 certe
1591 3914 1920 3975 recreavit.
1944 3915 2220 3975 Jacobus
2252 3915 2538 3976 Clemens
2565 3917 2848 3989 nomine,

500 4015 563 4076 in
602 4013 697 4074 sui
736 4010 973 4072 ordinis
1008 4009 1423 4072 Dominicano
1456 4010 1723 4088 collegio
1756 4012 2096 4090 theologiae
2138 4031 2400 4093 operam
2433 4013 2628 4076 dabat
2659 4036 2672 4074 :
2707 4034 2852 4078 cum

500 4110 755 4191 cognito
794 4127 833 4168 a
872 4107 1204 4186 theologiS,
1243 4126 1401 4187 quos
1444 4115 1579 4168 crat
1617 4109 1990 4184 sciscitatuS‚
2023 4117 2366 4190 tyrannum
2393 4112 2538 4191 jure
2575 4111 2854 4175 interimi
2919 4170 2926 4178 .

565 4359 608 4404 1.
638 4358 750 4407 Lib.
782 4357 821 4419 1,
852 4363 1015 4421 caput
1042 4374 1095 4420 v,
1120 4361 1417 4411 Discrimen
1447 4362 1590 4428 regis
1619 4365 1673 4412 et
1700 4363 1934 4426 tyranni,
1967 4378 2018 4426 p.
2052 4365 2110 4412 55
2139 4368 2192 4414 et
2221 4376 2334 4426 seq.
2366 4396 2378 4417 1

563 4429 611 4476 2.
644 4429 760 4480 Lib.
792 4429 832 4491 1,
864 4433 1025 4495 caput
1054 4445 1124 4494 vi,
1150 4445 1202 4496 p.
1234 4434 1293 4482 65
1324 4437 1376 4482 et
1406 4427 1539 4496 seq.‘
2645 4436 2742 4498 Σ...]
