3131 5145
1276 448 1638 513 —109—

271 580 594 630 BAnrnomS.
625 607 689 615 —
716 579 775 629 In
812 580 952 630 libro
990 580 1057 630 de
1091 583 1361 646 Tyr-anna,
1409 584 1476 634 de
1525 583 1816 649 tyrannide
1855 583 2074 634 disserit
2107 585 2177 634 ad
2209 585 2303 647 jus
2342 597 2552 635 merum
2581 597 2639 634 se

336 651 641 714 conserenS,
666 654 721 702 et
746 651 877 715 quid
909 652 981 701 sit
1010 652 1314 718 legitimum
1353 655 1408 704 in
1436 656 1650 720 tyranni
1679 655 1814 705 actis
1843 654 2083 718 exquirit
2087 688 2502 706 ..............
2576 657 2634 705 18

270 748 514 809 Eunus,
545 747 722 811 Bayle.
758 776 819 787 —
866 749 1129 800 Vindicius
1160 755 1347 802 contra
1385 754 1644 816 tyrannos
1688 753 1756 803 ab
1796 753 2043 804 Huberto
2088 754 2366 820 Langneto
2405 753 2635 817 scriptas

330 819 500 868 fuisse
532 819 587 868 in
612 819 789 869 Indice
822 819 1073 871 historico
1100 826 1153 871 et
1179 823 1363 873 critico
1389 824 1786 874 demonstravit
1795 859 2498 880 ......................
2573 826 2632 874 61

268 915 551 966 ΒοκΤιΑΝυε
584 915 949 982 (Stephanus),
979 921 1054 968 La
1078 921 1268 971 Βοέἰίε.
1298 948 1358 958 -
1386 921 1572 972 Libelli
1595 922 1878 984 quusdam
1902 927 2090 973 auctor
2109 923 2186 973 De
2204 924 2456 973 servitute
2479 936 2632 987 spon·

330 989 505 1046 tanea,
538 989 627 1038 cui
655 994 710 1038 et
736 987 1083 1040 Anthenotico
1116 1005 1335 1043 nomen.
1370 993 1598 1043 Omnem
1628 993 2028 1076 indignationis
2068 995 2334 1060 impetum
2363 995 2418 1043 in
2447 998 2503 1057 t>
2511 1007 2630 1044 ran-

330 1059 516 1109 nidem
544 1059 801 1121 intendit,
832 1067 1059 1126 excepta
1088 1066 1142 1112 et
1170 1064 1384 1128 parcius
1415 1064 1601 1114 habita
1629 1065 1803 1127 ipsius
1841 1066 1989 1128 regis
2029 1066 2371 1116 auctoritate.
2413 1066 2632 1116 Curavit

330 1143 399 1180 ne
430 1130 485 1179 in
517 1130 691 1181 lucem
724 1133 1060 1194 proferretur
1086 1133 1304 1184 libellus
1340 1134 1405 1184 de
1436 1135 1702 1185 Servitute
1729 1137 2051 1200 spontanea;
2091 1141 2146 1187 et
2173 1137 2470 1186 Calviniani
2512 1136 2628 1199 qui,

330 1206 458 1265 post
483 1202 625 1252 diem
658 1203 1237 1266 Sanbartholomaeam,
1288 1207 1612 1268 opusculum
1643 1207 1778 1256 illud
1814 1207 2107 1258 ediderunt
2145 1207 2215 1257 ad
2261 1209 2628 1258 lacessendam

332 1273 538 1336 regiam
570 1277 911 1336 potestatem,
942 1277 1168 1325 omnino
1204 1277 1445 1327 Boetiani
1481 1282 1716 1328 mentem
1750 1278 2199 1329 adulteraverunt
2209 1314 2409 1329 .......
2482 1280 2629 1329 25-28

267 1369 493 1420 Bonnvus
528 1371 820 1435 (Joannes)‚
844 1373 893 1420 Ι.
927 1373 1112 1422 Bodin.
1134 1400 1200 1432 ,-
1224 1375 1285 1423 In
1316 1375 1557 1425 secundo
1589 1376 1729 1426 libro
1754 1376 1830 1424 De
1847 1375 2135 1439 Republica
2163 1375 2360 1426 definit
2391 1377 2630 1426 civitatis

329 1442 595 1504 cujusque
623 1443 748 1505 quis
778 1444 1061 1507 qualisque
1094 1445 1167 1494 sit
1192 1449 1384 1495 status,
1418 1444 1567 1496 Inter
1596 1461 1654 1496 se
1684 1460 1865 1511 regem
1899 1452 1952 1496 et
1987 1451 2277 1510 tyrannum
2314 1449 2542 1507 confert,
2575 1452 2630 1496 et

333 1511 465 1561 illud
496 1512 731 1574 disserit,
762 1526 832 1563 an
865 1515 1009 1564 bono
1047 1517 1166 1564 viro
1206 1517 1367 1566 liceat
1406 1531 1600 1567 manus
1641 1519 1836 1569 afferre
1871 1518 2136 1581 tyrannis.
2167 1517 2478 1568 Necandum
2509 1532 2628 1568 esse

330 1596 454 1632 eum
484 1588 759 1635 asseverat
785 1586 879 1648 qui
907 1600 1006 1650 per
1034 1587 1142 1636 vim
1174 1601 1401 1648 regnum
1437 1591 1806 1650 occupaverit.
1831 1589 1936 1638 Sed
1960 1593 2254 1652 tyrannum
2277 1604 2310 1638 a
2330 1602 2454 1650 rege
2480 1601 2632 1638 accu-

332 1658 447 1703 rate
480 1655 735 1717 sejungit,
772 1661 825 1706 et
868 1662 1053 1708 censet
1088 1671 1399 1719 supremam
1432 1658 1618 1710 deberi
1652 1673 1869 1722 poenam
1902 1661 1944 1708 si
1979 1660 2102 1722 quis
2141 1661 2223 1708 vel
2264 1664 2446 1709 mente
2484 1660 2627 1721 regis

330 1724 535 1775 caedem
566 1727 869 1788 agitaverit.
906 1729 1063 1779 Vetat
1088 1743 1156 1778 ne
1183 1743 1277 1779 rex
1306 1729 1537 1793 quilibet
1569 1729 1649 1780 vel
1683 1727 2039 1792 pravissimus
2068 1730 2320 1780 violetur.
2339 1766 2351 1778 .
2370 1766 2383 1779 .
2403 1764 2414 1777 .
2486 1730 2628 1780 48-54

266 1822 627 1874 Bucuiumus.
656 1852 721 1860 —
746 1825 1013 1876 Libellum
1037 1841 1181 1876 anno
1209 1829 1329 1876 1579
1358 1827 1533 1876 edidit
1567 1828 1668 1876 sub
1697 1827 1800 1877 hoc
1832 1827 1990 1878 titulo
2021 1842 2036 1874 ι
2067 1827 2138 1875 De
2157 1827 2288 1890 jure
2311 1827 2462 1891 requi
2481 1827 2627 1890 apud

330 1893 527 1944 Scato&
559 1896 713 1954 Quod
743 1896 788 1945 si
815 1910 910 1946 rex
940 1901 1203 1959 tyrannus
1234 1899 1486 1958 evaserit,
1518 1911 1614 1960 per
1643 1897 1930 1960 Scripturae
1961 1898 2340 1950 auctoritatem
2374 1898 2625 1948 demons-

251 1976 264 1985 ·
331 1968 439 2014 trat
460 1965 584 2030 jure
610 1980 733 2016 eum
769 1967 1129 2018 occidendum
1159 1983 1276 2018 esse
1300 2003 2401 2023 ....................................
2476 1969 2623 2018 68-69

268 2063 555 2123 BucnsrmS,
591 2064 847 2114 Boucher.
889 2093 950 2101 —
992 2067 1381 2116 Henoticorum
1426 2066 1870 2116 concionatorum
1903 2067 2178 2128 princeps,
2217 2066 2416 2114 librum
2453 2066 2626 2116 edidit

328 2147 473 2184 anno
503 2137 643 2195 1589,
674 2136 773 2186 sub
802 2138 905 2186 hoc
931 2137 1094 2187 titulo
1118 2153 1131 2185 t
1155 2137 1227 2186 De
1234 2137 1397 2202 justa
1420 2138 1632 2186 Hem-ici
1660 2137 1808 2187 tertii
1832 2137 2186 2187 abdicatione.
2215 2137 2352 2186 illud
2381 2151 2516 2201 opus
2546 2151 2626 2187 ra·

327 2205 475 2256 hiem
504 2208 820 2268 furoresque
849 2208 1231 2258 Henoticorum
1265 2209 1613 2270 integerrime
1642 2209 1908 2270 exprimit.
1942 2208 2169 2258 Bucheri
2199 2208 2484 2265 sententia,
2516 2209 2622 2270 pri—

327 2281 485 2326 vatus
514 2277 693 2340 quivis
722 2282 1013 2341 tyrannum
1046 2279 1295 2341 religioni
1325 2293 1386 2328 ac
1421 2282 1608 2341 patriae
1649 2280 1921 2328 infensum
1963 2278 2206 2329 occidere
2249 2282 2446 2342 potest.
2487 2280 2619 2329 Doc-

327 2347 521 2398 trinam
555 2350 621 2398 de
644 2349 1004 2411 tyrannicidio
1026 2351 1267 2400 suffulcit
1289 2351 1663 2412 exemplorum
1685 2351 2008 2400 auctoritate
2037 2363 2157 2414 quae
2181 2350 2419 2399 invocari
2447 2350 2621 2400 solent

328 2423 383 2468 et
410 2433 476 2469 ex
511 2421 779 2483 theologis
804 2421 1029 2470 hauriri.
1056 2422 1243 2471 Jacobi
1269 2422 1556 2472 Clementis
1581 2423 1788 2471 facinus
1819 2421 2021 2470 laudat.
2043 2449 2103 2459 —
2135 2421 2272 2470 Sunt
2297 2421 2388 2482 qui
2421 2421 2618 2471 librum

329 2491 401 2538 De
417 2492 578 2555 justa
604 2492 905 2555 reipublicae
924 2492 1231 2542 christianae
1263 2492 1318 2541 in
1355 2507 1499 2556 reyes
1524 2493 1710 2556 impios
1739 2493 2065 2542 authoritate
2093 2493 2336 2541 Buchero
2365 2491 2620 2541 addicen—

328 2562 457 2613 dum
498 2562 954 2625 existimaverint3
987 2566 1149 2615 nobis
1184 2578 1314 2615 vero
1353 2579 1461 2615 non
1498 2565 1714 2614 videtur
1748 2565 1854 2614 illis
1901 2564 2330 2616 assentiendum.
2362 2592 2426 2600 —
2464 2564 2619 2628 Apud

327 2635 514 2695 Belgas
539 2634 690 2684 exsul
716 2636 939 2697 degens,
970 2636 1025 2683 in
1065 2635 1241 2686 lucem
1280 2637 1483 2698 prodiit
1516 2650 1662 2686 anno
1692 2638 1813 2685 1595
1844 2636 2104 2696 libellum,
2135 2636 2220 2686 cui
2260 2636 2574 2687 inscribitur
2603 2650 2616 2683 =

323 2705 577 2769 Apoloyie
596 2720 743 2768 pour
761 2706 931 2756 Jehan
958 2706 1186 2757 Chastel.
1220 2708 1391 2769 Negat
1418 2706 1708 2758 chricum
1739 2712 1990 2770 quartum
2029 2712 2084 2757 ut
2109 2720 2290 2769 regem
2314 2707 2618 2769 legitimum

324 2790 383 2826 se
430 2777 743 2827 habiturum
784 2779 867 2827 vel
913 2781 1034 2839 post
1077 2792 1394 2828 conversam
1436 2779 1618 2828 fidem.
1649 2778 1863 2827 Justum
1903 2791 2019 2828 esse
2056 2778 2269 2828 Castelli
2317 2777 2526 2827 facinus
2566 2782 2621 2827 et

324 2848 447 2898 ideo
476 2848 770 2909 legitimam
804 2863 922 2899 esse
951 2850 1170 2912 tyranni
1203 2849 1505 2911 cujuslibet
1533 2849 1733 2899 caedem
1767 2850 2104 2899 demonstrat
2113 2884 2252 2903 .....
2327 2852 2383 2897 Π
2410 2852 2463 2897 et
2493 2862 2610 2910 seq.

262 2937 533 2987 CALvmos.
574 2964 635 2973 -
672 2938 730 2987 In
771 2938 1035 3002 vigesimo
1074 2939 1435 2987 Ins-titutionis
1476 2938 1774 2987 christiana-²
1813 2938 2074 2999 capitulo,
2122 2938 2189 2987 ad
2227 2939 2396 2987 Deum
2437 2937 2615 2999 ipsum

322 3007 721 3058 institutionem
742 3008 904 3070 regiae
923 3010 1207 3071 potestatis
1232 3010 1400 3059 refert
1418 3013 1472 3059 et
1495 3008 1841 3071 peculiariter
1869 3021 2049 3073 regem
2076 3008 2328 3057 honorari
2349 3006 2612 3070 praec-ipit.

320 3078 571 3128 Attamen
603 3078 737 3128 illud
768 3080 968 3142 excipit
1000 3096 1011 3129 :
1044 3080 1353 3141 Dominum,
1387 3093 1568 3141 regem
1606 3094 1814 3142 regum,
1843 3093 2010 3128 unum
2044 3092 2139 3141 pro
2169 3079 2422 3128 omnibus
2452 3079 2615 3129 semel

318 3164 383 3200 ac
412 3163 577 3214 supra
606 3164 798 3200 omnes
826 3164 944 3202 esse
968 3151 1303 3201 audiendum
1311 3184 2480 3201 ......................................
2555 3151 2612 3199 31

257 3238 552 3289 Casrsnnum
576 3240 837 3300 Ganosuu,
866 3238 1236 3304 Casteljaloux
1244 3274 2482 3290 ........................................
2556 3240 2616 3287 40

260 3330 566 3385 CAs'rssLmS,
600 3328 808 3378 Chatel.
845 3357 904 3365 -
939 3329 1153 3381 Henrici
1198 3330 1376 3392 quarti
1418 3328 1776 3379 interficiendi
1817 3328 2107 3378 consilium
2147 3328 2316 3391 capit,
2357 3327 2616 3391 illumque

320 3404 498 3452 cultro
522 3400 576 3449 in
605 3402 757 3450 labro
788 3402 1066 3461 superiore
1091 3402 1327 3463 percutit
1339 3434 2481 3454 .....................................
2555 3400 2614 3447 88

258 3490 449 3539 Croeso
477 3489 708 3552 (Marcus
735 3490 976 3551 Tullius).
1010 3516 1070 3526 —
1099 3490 1322 3539 Brutum
1351 3494 1405 3539 et
1438 3490 1702 3551 Cassium,
1735 3489 1964 3539 Caesaris
1995 3488 2384 3548 interfectores,
2421 3488 2614 3537 heroes

322 3563 495 3610 vocat.
524 3561 581 3610 ln
613 3560 753 3609 libro
782 3560 856 3609 De
883 3560 1087 3625 officiis,
1121 3561 1312 3611 vividis
1352 3562 1563 3611 extollit
1591 3560 1842 3610 laudibus
1873 3560 2100 3610 Caesaris
2131 3558 2384 3609 coedcm..
2404 3594 2416 3606 .
2435 3596 2447 3609 .
2467 3594 2479 3606 .
2583 3561 2612 3606 6

257 3651 487 3700 cinarus
524 3650 811 3713 (lacobus).
850 3678 914 3685 -
951 3652 1244 3700 Heni-icum
1284 3649 1501 3701 tertium
1544 3652 1842 3699 monachus
1882 3649 1982 3699 iste
2033 3634 2213 3698 medio
2263 3648 2321 3697 in
2372 3646 2613 3697 exercitu

320 3720 519 3771 occidit
524 3754 2476 3775 ...............................................................
2550 3720 2612 3767 82

253 3810 489 3861 Coun-ms
520 3810 889 3872 (Gaspardus),
932 3811 1174 3875 Gaspard
1202 3810 1267 3861 de
1298 3810 1538 3876 Coliyny.
1568 3838 1631 3847 —-
1664 3810 1853 3860 Colinii
1892 3824 1987 3875 per
2014 3809 2241 3859 insidias
2271 3812 2324 3859 et
2354 3806 2610 3872 proditio-

317 3894 441 3931 nem
471 3882 779 3943 interempti
812 3882 1042 3932 cadaver
1070 3882 1139 3931 ad
1169 3884 1348 3933 furcas
1378 3882 1788 3932 Montfalconias
1817 3882 2066 3931 cruribus
2092 3882 2147 3929 in
2178 3882 2348 3930 altum
2383 3879 2610 3928 sublatis

318 3957 373 4002 et
399 3952 772 4014 propendente
797 3966 1019 4015 corpore
1047 3954 1233 4003 ferreis
1262 3953 1465 4003 catenis
1492 3967 1816 4013 suspensum
1849 3957 1928 4002 est
1935 3984 2476 4004 ..................
2550 3950 2610 3998 36

251 4042 651 4092 Consrmumss
675 4028 961 4103 concinium,
989 4041 1037 4090 le
1060 4041 1266 4093 Concile
1283 4042 1346 4090 de
1365 4041 1674 4091 constance.
1691 4068 1752 4079 -
1770 4040 2049 4104 Quidquid
2070 4042 2355 4089 censuerat
2375 4039 2611 4089 Joannes

316 4112 517 4161 Parvus
546 4112 613 4161 de
646 4112 1010 4175 tyrannicidio
1039 4112 1235 4174 rejicit,
1264 4112 1455 4175 quinta
1482 4111 1696 4163 decima
1724 4112 1965 4162 sessione
1971 4144 2386 4161 ..............
2459 4111 2610 4159 16-17

249 4201 513 4262 Cusanum,
541 4198 722 4263 Cujus.
752 4228 813 4236 —
846 4201 1011 4251 Totus
1047 4201 1102 4250 in
1140 4202 1397 4251 docendis
1433 4201 1738 4265 discipuliS‚
1764 4200 1832 4250 de
1867 4199 2127 4262 religione
2159 4198 2449 4249 acerrimas
2484 4212 2611 4247 con·

314 4272 586 4322 tentiones
611 4273 1020 4335 aspernabatur,
1050 4278 1104 4321 et
1140 4272 1364 4323 nimiam
1393 4274 1819 4322 moderationem
1848 4271 2222 4322 incusantibus
2258 4274 2446 4320 notum
2479 4269 2611 4318 illud

316 4355 639 4405 responsum
682 4342 969 4404 objiciebat
1008 4360 1019 4391 :
1048 4341 1193 4391 Nihil
1226 4342 1318 4393 hoc
1350 4342 1425 4391 ad
1461 4342 1689 4392 edictum
1720 4342 1993 4406 praetoris!
2023 4341 2224 4393 Desinit
2259 4344 2314 4392 ct
2349 4340 2615 4403 dijudicat

314 4413 447 4477 quid
472 4414 692 4464 intersit
720 4414 862 4465 inter
892 4414 1190 4478 legitimam
1224 4420 1277 4463 et
1310 4415 1551 4476 iniquam
1587 4418 1926 4479 potestatem.
1941 4446 2391 4465 ...............
2462 4413 2612 4459 45-46
