3131 5145
1523 421 1843 484 -46-

505 555 658 616 bant
696 554 914 626 animi,
956 554 1075 614 nisi
1118 552 1290 633 quod
1337 553 1491 615 olim
1539 553 1809 616 nimiam
1866 553 2367 616 moderationem
2424 553 2875 619 incusantibus

503 659 724 714 notum
753 651 910 712 illud
940 669 1312 730 responsum
1341 649 1578 731 objecit
1607 669 1621 711 :
1653 650 1833 711 Nihil
1861 651 1971 712 hoc
2004 651 2091 712 ad
2116 651 2377 712 edictum
2406 653 2695 734 praetoris
2714 652 2745 714 l

583 753 877 810 Attamen
916 748 1278 828 diligentius
1312 749 1450 828 ejus
1483 748 1722 828 scripta
1764 747 2169 828 perspiciens,
2202 750 2519 811 invenires
2550 751 2864 830 quasdam

503 866 762 909 normas
807 847 1153 909 secundum
1203 847 1309 926 jus
1361 852 1423 907 et
1471 865 1726 926 aequum
1783 846 2087 909 deductas
2124 849 2205 908 ad
2246 867 2407 928 quas
2454 867 2519 910 se
2571 851 2864 911 conferre

502 945 775 1006 debeant
803 963 982 1022 reges
1011 951 1074 1004 et
1093 943 1474 1023 quicumque
1507 943 1697 1004 rebus
1725 944 1997 1023 publicis
2029 945 2319 1022 gerendis
2348 945 2475 1006 sint
2505 948 2857 1026 praepositi.

469 1028 669 1104 [Scite
699 1041 918 1103 definit
955 1047 1018 1102 et
1055 1041 1359 1120 dijudicat
1399 1041 1549 1121 quid
1590 1041 1838 1102 intersit
1878 1042 2041 1103 inter
2078 1043 2427 1121 legitimam
2469 1052 2531 1104 et
2569 1045 2858 1125 iniquam

499 1125 900 1219 potestatem,
932 1139 994 1198 in
1025 1141 1536 1200 RscrrA‘rioNisus
1558 1155 1951 1213 SOLEMNIBUS,
1984 1139 2069 1200 ad
2085 1139 2334 1201 titulum
2367 1139 2762 1222 Diqescorum
2786 1144 2859 1202 de

491 1238 754 1318 justitia
817 1248 875 1297 et
911 1237 1082 1318 jure,
1137 1235 1218 1296 ad
1267 1235 1452 1315 leyem
1503 1235 1560 1296 V
1593 1239 1635 1298 ¹.
1686 1261 1716 1292 «
1770 1239 1929 1298 Sunt
1980 1239 2101 1298 tria
2152 1258 2387 1318 genera
2443 1239 2853 1320 Reipublicae,

465 1329 476 1338 ⁴
508 1339 816 1414 Regnum,
842 1335 1272 1408 Aristocratia,
1301 1341 1364 1394 et
1391 1335 1867 1396 Democratia...
1896 1342 2042 1396 sunt
2066 1342 2279 1397 autem
2306 1336 2403 1397 his
2431 1337 2631 1398 tribus
2659 1356 2853 1416 gene-

508 1433 682 1494 ribus
729 1430 1110 1512 Reipublicae
1159 1432 1280 1492 tria
1324 1431 1470 1505 alia,
1511 1451 1653 1511 quae
1700 1438 2045 1493 nascuntur
2088 1433 2316 1494 vitiosa
2367 1441 2431 1495 et
2479 1435 2849 1513 pernitiosa.

500 1533 682 1607 Nam,
706 1535 778 1590 ut
804 1529 1242 1608 pereleganter
1271 1528 1517 1589 disserit
1540 1529 1621 1590 M.
1652 1529 1915 1602 Tullius,
1940 1532 2007 1607 3,
2036 1529 2108 1589 de
2134 1529 2316 1612 step„
2342 1531 2450 1590 ubi
2470 1531 2741 1612 injustus
2760 1539 2853 1592 est

501 1648 630 1702 rex,
667 1646 853 1706 quem
885 1633 1224 1706 tyrannum
1256 1632 1470 1700 vocat3
1499 1626 1596 1687 vel
1630 1626 1736 1686 ubi
1767 1626 1984 1706 injusti
2012 1633 2158 1688 sunt
2186 1629 2549 1708 optimateS,
2576 1646 2848 1709 quorum

499 1742 873 1786 consensum
906 1723 1242 1784 factionem
1271 1730 1524 1797 vocant,
1559 1725 1758 1786 Graeci
1788 1725 2249 1803 Oligarchiam3
2296 1726 2391 1788 vel
2435 1727 2540 1787 ubi
2573 1727 2851 1808 populus

498 1824 628 1904 ipse
663 1823 934 1902 injustus
964 1827 1078 1896 est,
1108 1821 1208 1882 cui
1233 1821 1399 1882 idem
1422 1821 1512 1882 ait
1541 1839 1775 1882 nomen
1800 1823 2101 1883 usitatum
2134 1823 2379 1884 nullum
2415 1825 2699 1905 reperiri,
2731 1825 2851 1886 nisi

499 1927 568 1983 ut
622 1940 765 1983 eum
825 1927 1169 2000 tyrannum
1219 1938 1424 1993 voceS,
1486 1920 1687 1980 Graeci
1739 1919 2227 1995 Ochlocratiam,
2285 1922 2651 1991 Aristoteles
2698 1943 2849 1984 vero

497 2026 861 2098 tyrannum.
906 2018 1047 2092 Ubi,
1092 2016 1377 2096 inquam,
1429 2025 1522 2078 est
1582 2025 1911 2098 tyrannus,
1954 2019 2051 2079 vel
2088 2019 2303 2092 factiO,
2345 2020 2447 2080 vel
2487 2020 2851 2082 dominatus

399 2099 408 2106 ⁹
493 2116 779 2196 ejusdem
797 2115 1040 2190 turbae,
1065 2115 1294 2176 vitiosa
1319 2122 1412 2175 est
1445 2116 1823 2193 Respublica
1852 2123 1961 2178 aut
1991 2123 2155 2179 certe
2188 2137 2317 2180 non
2336 2118 2473 2198 jam
2506 2119 2733 2180 vitiosa
2758 2127 2849 2180 est

499 2212 875 2294 Respublica
904 2213 1012 2273 sed
1051 2213 1242 2274 nullae
1280 2213 1537 2274 omnino
1581 2213 1995 2294 Respublicae.
2029 2217 2187 2277 Nam
2220 2215 2599 2296 Respublica
2628 2223 2721 2277 est
2752 2235 2848 2278 res

496 2309 715 2390 populi
745 2328 758 2370 ε
794 2315 857 2371 et
885 2329 1012 2371 non
1047 2316 1141 2370 est
1171 2330 1270 2371 res
1299 2311 1544 2390 populi,
1578 2312 1630 2371 si
1666 2318 1974 2392 tyrannus
2008 2330 2147 2373 eam
2190 2313 2531 2379 factionem
2565 2332 2849 2396 compes-

493 2415 597 2469 cat
629 2427 643 2470 ε
677 2409 810 2488 ipse
840 2406 1112 2487 populus
1143 2413 1234 2469 est
1271 2408 1571 2488 injustus;
1618 2409 1728 2488 qui
1767 2427 1896 2470 non
1942 2415 2037 2470 cst
2080 2410 2499 2471 multitudinis
2538 2429 2839 2472 consensu

491 2513 554 2565 et
587 2505 876 2565 utilitatis
912 2505 1152 2566 ratione
1193 2506 1456 2579 sociata,
1511 2526 1655 2586 quae
1698 2513 1791 2567 est
1832 2505 2114 2568 definitio
2155 2507 2375 2589 populi
2410 2527 2517 2568 seu
2551 2508 2839 2570 civitatis

493 2601 747 2663 Nullum
775 2601 966 2680 igitur
995 2621 1281 2681 regnum,
1317 2603 1366 2663 si
1399 2603 1478 2663 sit
1508 2604 1837 2682 injustum,
1864 2605 1975 2665 sed
1996 2611 2303 2684 tyrannus
2324 2605 2422 2667 vel
2447 2606 2838 2681 monarchia,

492 2718 632 2779 quae
667 2699 792 2759 duo
830 2700 1140 2761 vocabula
1169 2700 1976 2782 plerumque-accipiuntur
2020 2703 2085 2762 in
2124 2703 2317 2777 ma10‚
2356 2722 2469 2764 nec
2504 2710 2653 2765 sunt
2684 2704 2843 2783 juris

491 2796 796 2875 gentium.
842 2799 1124 2877 Regnum
1163 2798 1312 2877 quid
1353 2799 1486 2860 est?
1527 2805 1807 2879 potestas
1846 2818 1989 2879 quae
2020 2800 2276 2881 publico
2307 2819 2615 2863 consensu
2646 2802 2843 2863 deser-

491 2901 612 2966 tur‚
648 2893 1151 2974 decerniturque.
1186 2896 1555 2957 Monarchia
1584 2904 1679 2958 est
1721 2898 2005 2977 tyrannis
2044 2916 2187 2978 quae
2230 2898 2441 2959 invitis
2478 2897 2845 2960 dominatur

487 2998 551 3052 et
580 2991 828 3071 subegit
853 2994 1106 3056 invitos
1142 2994 1428 3073 Regnum
1469 2995 1713 3057 ratione
1753 2994 1941 3073 regis,
1980 2994 2349 3057 Monarchia
2382 2994 2647 3056 libidine
2680 2998 2839 3075 ejuS,

487 3089 596 3167 qui
635 3108 832 3166 regno
882 3090 1137 3169 potitur.
1177 3092 1373 3168 Regni
1407 3092 1550 3153 finis
1588 3100 1681 3153 est
1721 3092 2076 3154 communis
2114 3094 2396 3155 utilitas:
2430 3094 2837 3169 Monarchiae,

491 3185 766 3265 propria.
800 3210 870 3271 R).

569 3284 748 3362 Saepe
802 3282 1050 3343 crimini
1088 3284 1310 3345 datum
1359 3292 1476 3359 est,
1530 3306 1645 3348 nec
1704 3286 2047 3361 immerit0‚
2090 3286 2556 3366 jurisconsultis
2608 3288 2841 3351 decimi

483 3380 642 3442 sexti
673 3380 866 3451 seculi
894 3382 1064 3461 quod
1104 3381 1409 3443 absolutae
1453 3386 1784 3463 potestatis
1818 3384 2054 3445 fuerint
2083 3384 2385 3446 fautores.
2421 3384 2593 3446 Illius
2624 3390 2839 3447 tamen

477 3497 710 3540 exsons
739 3485 834 3538 est
863 3480 1173 3560 CujaciuS,
1208 3500 1246 3540 a
1275 3500 1402 3561 quo
1435 3488 1855 3562 tyrannorum
1890 3482 2147 3543 nomine
2174 3488 2515 3562 turpantur
2544 3483 2839 3563 quicum-

480 3576 605 3655 que
635 3595 828 3655 prave
859 3579 1300 3640 auctoritatem
1329 3582 1753 3642 exercuerint.
1790 3582 1970 3642 Certe
1998 3599 2127 3642 non
2152 3581 2233 3642 ad
2264 3588 2612 3643 extremum
2648 3584 2836 3645 effec-

483 3680 618 3733 tum
651 3674 848 3752 adigit
875 3673 1194 3736 institutas
1229 3696 1508 3745 normas,
1544 3677 1905 3739 laudandus
1936 3685 2153 3739 tamen
2188 3680 2361 3758 quod
2390 3698 2684 3759 expresse
2729 3698 2836 3741 eas

483 3770 821 3831 instituerit
853 3772 950 3831 vel
977 3772 1042 3832 in
1067 3774 1536 3835 commentariis
1562 3775 1645 3835 de
1663 3774 1807 3854 jure
1827 3778 1861 3839 J
1868 3777 2257 3851 ustinianeo;
2284 3795 2470 3838 nemo
2504 3777 2672 3838 enim
2705 3777 2837 3839 sine

483 3868 784 3945 pericu10‚
835 3887 912 3930 ea
971 3875 1177 3944 aetate,
1235 3870 1649 3951 depravatam
1718 3880 2103 3954 potestatem
2156 3882 2373 3955 aperte
2437 3874 2835 3938 criminando

483 3964 939 4043 reprehendere
980 3974 1250 4047 poterat,
1295 3969 1445 4029 etsi
1503 3970 1612 4049 qui
1663 3971 1799 4031 ausi
1840 3978 1986 4032 sunt
2040 3972 2372 4032 mentitum
2430 3990 2659 4033 nomen
2717 3971 2834 4033 sibi

479 4064 972 4141 praetenderunt.

491 4212 527 4266 Τ
545 4240 586 4286 1.
619 4238 800 4287 Jacobi
825 4241 1023 4305 Cujacii
1050 4256 1262 4305 operum
1293 4246 1653 4307 poscumorum
1690 4262 1802 4311 qua·
1827 4247 1892 4296 de
1912 4246 2040 4311 jure
2069 4216 2302 4311 reliquit,
2330 4248 2463 4296 tomi
2495 4248 2677 4309 quarti
2710 4261 2830 4310 pars

479 4308 648 4369 prior,
667 4309 778 4359 sive
801 4312 868 4359 ad
901 4312 1144 4363 diversos
1177 4314 1359 4364 titulos
1389 4317 1785 4367 Pandectorum
1812 4319 2178 4368 Recitationes
2198 4318 2641 4369 absolutissimos.
2658 4319 2831 4382 Opera

477 4382 532 4427 et
561 4380 743 4430 studio
773 4381 941 4431 Caroli
972 4385 1252 4435 Annibalis
1288 4386 1522 4437 Fabroti.
1553 4388 1779 4439 Lutetiae
1810 4390 2163 4449 Parisiorum,
2192 4391 2331 4440 1658.
2382 4405 2397 4458 s
