3131 5145
1326 473 1687 536 ·-21—

340 623 608 668 evasura
656 612 720 667 et
771 606 1177 685 tyrannicidii
1228 607 1411 689 quasi
1461 605 1861 687 disciplinam
1911 606 2267 668 exhibuisse
2324 607 2693 670 edocentem
2770 587 2785 596 ”

341 705 570 785 quibus
602 706 846 766 artibus
875 711 1014 766 tuto
1046 713 1358 785 tyrannus
1382 705 1659 786 opprimi
1686 705 1905 785 possit.

357 837 369 848 ·
419 805 502 864 Ut
538 802 834 882 periculis
870 802 1127 864 obviam
1177 809 1360 864 eatur
1409 803 1639 883 quibus
1682 802 1974 864 obnoxiae
2014 807 2166 862 sunt
2202 803 2699 883 conspirationes

344 900 545 978 initae,
598 900 944 979 proditioni
997 899 1267 976 scilicet,
1308 899 1753 979 imprudentiae
1801 905 1863 960 et
1910 899 2303 961 consciorum
2358 899 2701 962 inconside-

351 997 600 1076 rantiae,
636 997 1084 1058 Machiavellus
1123 1003 1476 1076 praemonet
1503 1002 1574 1057 ut
1608 996 1887 1058 rationes
1924 996 2170 1058 consilii
2198 995 2545 1076 conjuratis
2570 1017 2699 1060 non

342 1102 487 1156 ante
529 1096 806 1157 edantur
843 1113 1033 1174 quam
1073 1100 1334 1175 appetat
1368 1093 1460 1155 rei
1493 1094 1791 1174 patratio.
1831 1096 1907 1154 Et
1944 1093 2234 1173 exempla
2275 1096 2515 1174 profert
2543 1113 2699 1156 non-

343 1191 521 1253 nulla
551 1211 771 1254 eorum
805 1193 916 1272 qui
950 1192 1068 1253 hac
1103 1199 1236 1253 arte
1277 1192 1371 1252 usi
1403 1192 1797 1271 propositum
1827 1191 1907 1252 ad
1936 1192 2226 1252 effectum
2260 1191 2703 1278 produxerint4

341 1291 414 1351 Et
453 1289 710 1370 subjicit
745 1307 758 1350 :
797 1314 828 1345 «
858 1289 984 1351 Uni
1013 1296 1263 1350 tantum
1303 1290 1532 1367 emim,
1567 1294 1631 1350 et
1657 1289 1855 1350 veteri
1882 1294 1949 1350 et
1976 1289 2169 1366 longo
2197 1308 2310 1350 usu
2341 1298 2693 1369 perspecto,

339 1387 562 1448 credas
591 1387 954 1460 consilium,
985 1394 1048 1447 et
1078 1386 1186 1466 qui
1215 1386 1475 1466 paribus
1513 1405 1589 1448 ac
1626 1392 1693 1446 tu
1734 1393 2067 1447 moveatur
2106 1385 2459 1448 affectibus,
2487 1388 2697 1448 Unum

343 1485 590 1546 facilius
633 1484 944 1564 ejusmodi
979 1483 1260 1545 invenies
1288 1502 1478 1564 quam
1515 1483 1771 1557 multos,
1799 1489 1863 1544 et
1894 1483 2035 1544 ideo
2076 1502 2218 1545 cum
2252 1484 2495 1545 minore
2528 1484 2697 1564 peri-

343 1582 484 1645 culo
525 1582 590 1642 in
631 1589 879 1663 partem
921 1581 1220 1644 adhihere
1269 1581 1532 1662 poteris.
1578 1582 1867 1642 Ceterum
1904 1580 1956 1641 si
1989 1582 2151 1643 forte
2198 1588 2353 1642 rem'
2379 1581 2702 1643 denuntia-

340 1680 524 1756 verit,
554 1678 636 1740 ab
689 1678 872 1739 unius
918 1677 1279 1740 testimonio
1321 1678 1567 1740 facilius
1615 1697 1808 1758 quam
1856 1697 1895 1738 a
1943 1677 2291 1740 multorum
2332 1685 2396 1740 te
2436 1678 2695 1740 eximes·

339 1779 522 1839 Viros
551 1769 674 1854 ego
703 1778 1020 1856 sapientes
1049 1781 1112 1836 et
1148 1776 1671 1855 prudentissimos
1712 1774 1926 1837 audivi
1960 1775 2343 1854 dictitanteS‚
2378 1775 2536 1875 pihil
2565 1795 2698 1838 esse

341 1875 516 1956 quod
554 1891 688 1934 non
720 1873 921 1953 possis
967 1872 1226 1954 impune
1267 1873 1377 1933 uni
1411 1873 1687 1934 auditori
1722 1872 2223 1940 communicare:
2257 1873 2339 1933 ab
2368 1848 2698 1934 „gazum

339 1963 636 2052 negante,
677 1970 1024 2031 dummodo
1066 1969 1280 2030 absint
1321 1970 1582 2049 scripta,
1625 1971 1941 2031 refutatur
1981 1988 2141 2030 unus
2189 1969 2540 2030 affirmans.
2576 1969 2697 2031 Sed

340 2069 404 2130 in
434 2068 735 2129 omnibus
780 2068 964 2128 rebus
998 2067 1352 2128 cavendum
1396 2085 1474 2127 ne
1515 2067 1667 2146 quid
1708 2067 1934 2127 litteris
1965 2067 2357 2141 committas;
2391 2065 2491 2128 hic
2532 2067 2696 2128 enim

339 2185 662 2228 summum
696 2165 893 2226 haeret
921 2163 1296 2243 periculum,
1328 2184 1443 2226 nec
1473 2164 1608 2224 ullo
1639 2163 1869 2225 certius
1899 2164 2297 2244 opprimetur
2320 2147 2698 2242 argumento

339 2283 482 2325 reus
513 2281 706 2342 quam
735 2262 786 2322 si
817 2261 971 2341 quid
1001 2281 1192 2322 manu
1223 2261 1421 2342 ipsius
1451 2261 1760 2341 scriptum
1792 2260 2175 2323 exhibueris,
2212 2285 2244 2317 »

362 2388 366 2397 ·
417 2351 517 2423 Ᾱά
552 2361 848 2440 frigidam
891 2360 1328 2422 crudelitatem
1371 2359 1653 2421 decurrit
1690 2359 1753 2420 in
1785 2359 2241 2439 praemonendo
2272 2359 2503 2439 quihus
2531 2359 2699 2438 peri-

341 2460 498 2522 culis
531 2459 612 2518 sit
642 2458 1100 2520 occurrendum
1142 2465 1286 2538 post
1325 2463 1649 2538 patratam
1691 2457 1758 2518 in
1788 2463 2132 2537 tyrannum
2168 2457 2695 2536 conjurationem.

343 2557 550 2620 Unum
583 2576 716 2618 esse
733 2554 833 2618 illi
861 2555 1112 2617 videtur
1142 2555 1491 2636 periculum
1529 2555 1583 2617 si
1610 2554 1752 2638 quis
1792 2561 2109 2635 superstes
2152 2554 2340 2615 fuerit
2368 2554 2479 2634 qui
2519 2572 2699 2615 neca-

344 2662 480 2716 tum
529 2654 877 2735 principem
922 2654 1134 2715 ulcisci
1184 2654 1398 2733 possit.
1442 2654 1606 2715 Fieri
1655 2660 1861 2733 potest
1902 2659 1973 2713 ut
2016 2658 2261 2713 exstent
2300 2653 2557 2729 fratreS,
2604 2652 2703 2712 vel

344 2752 546 2833 pueri,
575 2752 676 2813 vel
717 2751 993 2831 cognati,
1027 2751 1135 2831 qui
1183 2752 1609 2832 principatum
1661 2757 1883 2832 postea
1925 2750 2243 2831 excipiant
2282 2769 2319 2809 a
2358 2748 2703 2829 conjuratis

342 2850 781 2930 imprudenter
828 2855 891 2909 et
949 2848 1340 2928 negligenter
1393 2849 1631 2909 omissi.
1690 2848 1877 2909 Nulla
1932 2853 2079 2908 sunt
2142 2847 2237 2907 illi
2296 2846 2701 2907 excusatione

345 2947 519 3025 digni
551 2946 658 3026 qui
685 2965 798 3027 per
818 2946 1310 3025 imprudentiam
1343 2953 1403 3007 et
1431 2946 1882 3023 negligentiam
1911 2964 1948 3005 a
1978 2943 2313 3023 cujuslibet
2343 2943 2476 3003 vita
2504 2941 2700 3003 absti-

346 3044 628 3107 nuerint.
1189 3053 1199 3061 ··

428 3145 499 3203 In
539 3142 764 3203 eodem
804 3139 969 3214 loco,
1001 3139 1447 3201 Machiavellus
1481 3140 1737 3201 monitis
1772 3140 1994 3202 edocet
2032 3157 2139 3201 eos
2182 3139 2289 3219 qui
2334 3139 2400 3200 in
2438 3138 2702 3199 liberam

347 3240 664 3301 civitatem
704 3238 1181 3319 conjuraverint
1215 3244 1277 3298 et
1313 3238 1589 3319 patriam
1632 3238 1697 3298 in
1744 3238 2108 3299 servitutem
2163 3237 2443 3315 redigere
2483 3234 2699 3313 velint,

347 3338 477 3401 sive
532 3356 648 3418 per
703 3338 855 3410 vim,
907 3336 1125 3397 dolum
1178 3342 1241 3397 et
1295 3336 1617 3410 astutiam,
1674 3336 1804 3397 sive
1862 3335 2187 3397 advocatis
2239 3335 2301 3394 in
2354 3333 2702 3394 subsidium

345 3434 656 3497 hostibus,

427 3536 554 3594 Nec
581 3518 935 3609 religiosius
962 3550 1150 3612 quam
1183 3532 1521 3612 populares
1551 3537 1613 3591 et
1638 3530 1913 3610 aequales
1944 3529 2022 3589 de
2054 3546 2299 3590 veneno
2330 3533 2569 3600 noster,·
2595 3528 2705 3607 qui

348 3629 579 3691 dixerit
615 3650 627 3687 ε
663 3629 727 3691 Si
753 3630 831 3690 de
856 3628 1401 3709 conjurationibus
1426 3629 1714 3703 disserui,
1738 3630 1802 3688 in
1832 3626 2060 3709 quibus
2086 3628 2321 3687 ferrum
2343 3625 2699 3697 adhibetur,

348 3746 480 3789 non
516 3745 668 3788 vero
708 3726 784 3787 de
825 3726 914 3787 eis
958 3726 1024 3787 in
1063 3726 1292 3806 quibus
1329 3746 1665 3800 venenum,
1702 3726 1860 3786 nihil
1901 3744 2108 3786 causae
2148 3731 2241 3785 est
2278 3729 2700 3801 praeterquam

348 3824 519 3906 quod
546 3824 612 3884 in
643 3824 925 3904 utrisque
958 3824 1094 3903 pari
1125 3823 1314 3886 modo
1339 3824 1687 3904 eademque
1714 3825 1959 3885 ratione
1994 3842 2090 3884 res
2120 3828 2417 3899 aguntur.

425 3923 726 3982 Attamen
750 3921 1248 4002 haudquaquam
1271 3921 1413 4000 jure
1444 3922 1571 3982 vim
1600 3921 1840 3999 ingenii
1874 3920 2193 3999 animique
2224 3918 2401 3979 dotes
2435 3935 2511 3977 ex
2543 3935 2707 3995 pers·

349 4019 546 4099 pectis
577 4019 712 4098 ejus
742 4017 1096 4079 rationibus
1126 4019 1417 4079 aestimes
1444 4020 1594 4091 Quae
1620 4018 1905 4079 notiones
1934 4016 2077 4077 inde
2109 4015 2399 4076 oriuntur
2427 4020 2489 4074 et
2517 4014 2705 4074 latius

351 4122 571 4196 patent
616 4134 796 4177 vanae
847 4114 1102 4194 quidem
1151 4121 1214 4175 et
1259 4114 1551 4189 fallaces;
1586 4133 1821 4193 magna
1866 4132 2015 4174 vero
2065 4113 2159 4172 vis
2204 4112 2368 4173 inest
2405 4111 2700 4189 cogitatis

355 4212 752 4287 arctioribUS,
781 4231 925 4291 quae
959 4232 1222 4274 numero
1261 4213 1970 4293 praestant‚‘quibusque
2012 4210 2281 4271 maxime
2310 4209 2707 4270 indulserunt

353 4310 470 4371 viri
523 4310 712 4370 rebus
765 4310 1033 4389 publicis
1089 4309 1310 4371 additi.
1348 4309 1508 4381 Quid
1564 4310 1716 4372 utile
1770 4310 1851 4371 sit
1904 4309 1986 4369 ad
2044 4308 2359 4387 agendum
2418 4306 2706 4387 praecipit

355 4426 603 4469 summa
641 4406 784 4469 illos
824 4406 1207 4486 perfundens
1251 4408 1599 4486 voluptate.
1640 4408 2035 4487 Quicumque
2068 4404 2432 4468 mortalium
2462 4410 2704 4464 mentes
