3131 5145
1511 428 1870 521 ¹--16-

531 562 706 624 Petri
737 560 1074 622 Lombardi
1111 558 1267 622 illud
1301 562 1568 624 verbum
1608 563 1909 639 emisisse,
1943 565 2175 646 saepius
2208 586 2248 627 a
2284 568 2641 631 fautoribus
2672 575 2890 652 tyran-

530 659 739 721 nicidii
792 656 1052 720 citatum
1097 676 1113 720 :
1159 683 1188 716 «
1231 659 1347 732 Qui
1403 659 1481 720 ad
1518 659 1955 724 liberationem
2002 664 2225 743 patriae
2274 671 2612 744 tyrannum
2656 669 2891 730 occidit

530 759 824 824 laudatur
852 763 919 819 et*
943 756 1274 837 praemium
1313 758 1540 837 accipit
1571 760 1615 819 ¹.
1648 781 1679 814 »
1714 759 1949 832 Quibus
1988 761 2264 824 maxime
2299 765 2506 826 verbis
2544 766 2687 826 fulti
2730 785 2889 829 con-

471 907 482 916 .
526 857 782 919 tendere
821 875 860 916 a
893 857 1141 917 Thoma
1179 855 1959 936 tyrannicidium‘suasum
2000 878 2153 920 esse.
2187 861 2300 920 Hic
2341 868 2556 922 tamen
2594 863 2704 924 illa
2744 884 2886 926 sen-

526 955 721 1018 tentia
752 953 907 1014 nihil
948 953 1122 1014 aliud
1152 970 1345 1032 quam
1371 952 1674 1033 explanat
1702 953 1922 1017 laudes
1959 957 2189 1038 quibus
2227 959 2467 1020 Tullius
2505 960 2571 1020 in
2600 960 2765 1024 libro
2806 964 2885 1024 de

526 1052 767 1135 Officiis
811 1051 1218 1132 prosequitur
1252 1051 1512 1112 Caesaris
1551 1058 1897 1114 necatores.
1950 1054 2113 1115 Illud
2156 1055 2433 1116 Thomas
2475 1065 2657 1119 notat
2704 1063 2884 1140 apud

523 1150 798 1213 Tullium
849 1149 951 1228 agi
998 1150 1075 1210 de
1125 1169 1200 1211 eo
1249 1150 1356 1229 qui
1401 1151 1461 1209 vi
1507 1169 1766 1230 regnum
1813 1154 2213 1232 occupaverit
2252 1153 2465 1215 invitis
2505 1156 2745 1218 civibus
2780 1159 2883 1220 vel

484 1232 602 1311 'ad
647 1246 1113 1310 assentiendum
1173 1246 1491 1321 coercitiS,
1534 1266 1729 1327 quum
1776 1248 2022 1309 nullum
2075 1251 2155 1310 sit
2205 1250 2572 1330 appellandi
2609 1253 2717 1332 jus
2762 1275 2883 1318 nec

523 1347 655 1408 ulla
695 1345 978 1425 legitima
1018 1343 1180 1405 ratio
1225 1362 1350 1424 qua
1396 1351 1735 1424 usurpator
1769 1345 2043 1425 judicari
2083 1348 2300 1426 possit.
2350 1350 2499 1420 Quae
2546 1371 2741 1430 quum
2788 1354 2881 1415 ita

519 1445 665 1518 sint,
692 1445 926 1506 mirum
949 1461 1102 1503 sane
1133 1461 1326 1520 quam
1353 1448 1534 1503 caute
1561 1449 1623 1503 et
1652 1462 1839 1523 parce
1866 1443 2143 1505 Thomas
2169 1463 2297 1506 rem
2327 1453 2498 1524 agat.
2522 1448 2684 1527 Dicit
2704 1451 2877 1511 enim

519 1542 767 1604 laudari
807 1543 914 1620 qui
952 1548 1297 1618 tyrannum
1337 1539 1659 1618 occiderit,
1704 1559 1831 1601 non
1876 1560 2023 1602 vero
2072 1540 2461 1604 laudandum
2506 1563 2661 1620 esse,
2707 1566 2879 1627 prae-

518 1641 843 1720 miumque
874 1639 1178 1718 accipere,
1214 1656 1343 1698 non
1377 1638 1625 1698 mereri.
1652 1638 1829 1698 Adde
1856 1638 2025 1717 quod
2051 1639 2114 1698 in
2144 1638 2265 1701 hoc
2297 1640 2501 1702 obiter
2521 1649 2582 1703 et
2602 1663 2878 1724 superne

518 1756 616 1799 res
651 1736 1003 1815 attingitur,
1045 1754 1173 1796 non
1213 1735 1461 1815 penitus
1497 1735 1893 1815 perspicitur.

595 1838 682 1897 De
723 1833 1142 1916 tyrannicidio
1179 1833 1546 1913 disputatio,
1587 1832 1845 1894 ineunte
1898 1833 2368 1913 quintodecimo
2418 1837 2652 1912 seculo,
2705 1857 2874 1901 novo

514 1935 792 2015 quodam
848 1935 1092 1994 fervore
1139 1931 1633 2016 redintegratur.
1689 1931 1924 1992 Scitum
1980 1938 2074 1992 est
2116 1951 2244 2011 qua
2290 1952 2479 1994 causa
2535 1934 2877 2016 chordiger

510 2035 787 2095 Joannes
825 2032 1065 2094 Parvus
1092 2028 1422 2089 instinctus
1446 2027 1637 2088 fuerit
1666 2028 1745 2088 ad
1773 2029 2257 2089 asseverandum
2284 2030 2428 2108 jure
2454 2031 2653 2092 occidi
2684 2040 2869 2112 posse

511 2137 834 2210 tyrannos.
869 2129 915 2187 A
963 2128 1131 2188 caede
1168 2125 1342 2187 ducis
1370 2124 1863 2186 Aurelianiensis
1888 2143 1925 2184 a
1953 2127 2197 2186 ,Ioanne
2224 2127 2628 2204 Burgundico
2648 2130 2864 2207 occisi,

509 2226 859 2288 insaniente
920 2224 1148 2286 Carolo
1209 2230 1384 2285 sexto
1439 2241 1617 2301 rege,
1677 2223 1811 2284 haec
1861 2224 2289 2284 controversia
2356 2225 2604 2286 initium
2662 2229 2861 2309 cepit.

505 2326 784 2386 ,Ioannes
827 2325 1067 2383 Parvus
1115 2321 1402 2382 mercede
1447 2340 1485 2381 a
1532 2321 2019 2399 Burgundorum
2079 2321 2237 2383 duce
2294 2322 2641 2385 conductus
2689 2328 2863 2407 apud

508 2439 717 2500 regem
770 2419 1105 2500 regaleque
1154 2419 1485 2480 consilium
1521 2418 1866 2479 advocatus
1905 2425 2001 2480 est
2042 2419 2123 2481 ad
2161 2420 2406 2482 facinus
2455 2423 2706 2501 patroni
2758 2426 2858 2486 sui

505 2519 710 2581 verbis
741 2518 1164 2599 purgandum.
1198 2517 1616 2579 Historiarum
1653 2516 1989 2597 scriptores
2024 2517 2205 2580 nobis
2244 2519 2541 2582 fusiorem
2581 2520 2757 2583 illam
2796 2529 2860 2585 et

507 2617 818 2697 prolixam
851 2618 1203 2678 orationem
1236 2616 1634 2677 tradiderunt
1658 2615 1703 2692 2,
1738 2635 1865 2695 qua
1894 2616 2066 2678 haud
2112 2618 2321 2679 minus
2367 2618 2663 2681 laudatur
2702 2622 2859 2682 Bur-

501 2715 859 2793 gundorum
910 2715 1036 2774 dux
1085 2732 1276 2794 quam
1333 2713 1584 2774 acribus
1631 2714 1930 2774 conviciis
1978 2714 2344 2792 exagitatur
2392 2716 2520 2777 dux
2562 2718 2856 2779 Aurelia-

503 2813 732 2874 nensiS.
2234 2837 2240 2841 ·

580 2913 753 2972 Unus
777 2916 991 2971 tamen
1011 2909 1248 2970 exstitit
1267 2908 1433 2969 inter
1453 2907 1721 2969 Gallicos
1752 2908 2130 2982 sacerdotcS,
2159 2908 2561 2971 doctissimus
2590 2912 2852 2989 Gerson‚

500 3009 936 3070 Universitatis
984 3007 1348 3068 Parisiensis
1393 3003 1827 3081 cancellarius,
1862 3003 1970 3083 qui
2005 3006 2271 3067 Joannis
2308 3008 2492 3068 Parvi
2550 3010 2853 3072 doctrinae

491 3108 730 3187 justam
765 3106 989 3165 inussit
1018 3104 1225 3165 labem
1260 3110 1320 3165 et
1341 3102 1770 3163 damnandam
1800 3121 2091 3182 expresse
2113 3104 2553 3183 proclamavit.
2584 3108 2850 3169 Causam

500 3204 648 3265 vicit
679 3206 912 3264 Gerson
957 3202 1126 3282 apud
1171 3200 1653 3263 Universitatem
1694 3208 1757 3261 et
1808 3202 2008 3261 cleros
2044 3202 2445 3264 Parisienses.
2500 3206 2636 3277 Quo
2686 3204 2851 3268 felici

499 3320 784 3361 successu
841 3300 1044 3361 elatus
1093 3318 1224 3361 rem
1274 3297 1519 3377 detulit,
1568 3298 1733 3377 regis
1785 3306 1847 3359 et
1902 3298 2336 3361 Universitatis
2383 3302 2717 3381 auspiciiS,
2770 3304 2851 3365 ad

499 3398 832 3461 concilium
892 3396 1386 3468 Constantiense‚
1429 3396 1640 3477 ibique
1698 3395 1886 3475 plane
1930 3396 2335 3459 manifestum
2377 3398 2525 3459 fecit
2587 3402 2849 3462 ,Ioannis

497 3496 675 3557 Parvi
710 3495 1030 3556 doctrinas
1061 3493 1146 3554 nil
1180 3512 1435 3574 prorsus
1466 3493 1825 3572 discrepare
1858 3512 1896 3553 a
1926 3494 2213 3555 Wiclevii
2253 3494 2657 3575 opinionibus
2699 3518 2843 3579 quae

487 3594 752 3673 jamjam
788 3613 825 3653 a
855 3592 1119 3654 concilio
1153 3592 1413 3652 fuissent
1442 3590 1839 3671 vituperatas.
1875 3592 1933 3652 Is
1953 3592 2120 3653 enim
2138 3593 2419 3655 dixerat:
2446 3618 2473 3651 «
2498 3597 2846 3676 Populares

493 3695 756 3769 possunt
784 3690 866 3749 ad
897 3688 1223 3750 arbitrium
1261 3687 1552 3748 dominos
1576 3687 2014 3767 delinquentes
2040 3690 2377 3769 corrigere.
2403 3713 2437 3747 »

569 3791 719 3851 Post
759 3787 1088 3847 diuturnas
1128 3786 1647 3865 disceptationes,
1691 3787 1918 3866 quibus
1958 3786 2297 3848 interfuere
2338 3787 2583 3870 aliquot
2620 3796 2840 3869 tyran-

487 3885 699 3947 nicidii
739 3886 1043 3959 fautoreS,
1083 3883 1415 3945 concilium
1459 3884 1771 3965 quidquid
1808 3892 2142 3945 censuerat
2179 3886 2457 3947 Joannes
2492 3889 2735 3949 Parvus
2764 3888 2841 3950 de

553 4112 598 4158 1.
627 4108 874 4157 D1stinct.
909 4109 985 4165 44,
1013 4120 1067 4170 q.
1096 4107 1142 4167 2,
1169 4109 1270 4175 art.
1303 4108 1350 4154 2.
1377 4106 1564 4155 Utrum
1598 4104 1881 4154 chrIstiani
1900 4108 2200 4169 ,teneantur
2228 4104 2451 4156 obedire
2480 4106 2841 4170 potestatibus

444 4170 452 4179 ’
487 4180 818 4231 secularibus
870 4182 923 4227 et
975 4178 1206 4227 maxime
1268 4177 1538 4240 tyrannis.
1592 4204 1654 4211 —
1706 4176 1839 4226 Vide
1894 4177 2116 4239 insuper
2172 4176 2446 4226 Summam
2498 4176 2839 4241 theoloqicam

486 4255 540 4302 S.
568 4250 762 4301 Thomae
790 4249 1086 4314 Aquinatis‚
1114 4249 1352 4298 secunda
1381 4247 1650 4308 secundae,
1674 4262 1723 4310 q.
1754 4248 1831 4309 42,
1858 4251 1959 4297 art.
1990 4249 2037 4308 2,
2061 4248 2117 4297 in
2141 4248 2495 4311 responsione
2524 4248 2589 4299 ad
2616 4248 2836 4299 tertium

484 4326 881 4387 argumentum.

547 4398 593 4444 2.
621 4393 948 4453 Monstrelet‚
977 4406 1025 4443 c.
1054 4404 1229 4442 xxxlv.
