3131 5145
1295 1322 1605 1430 cAPUT
1666 1353 2097 1428 TERTIUM

990 1677 1076 1726 DE
1125 1675 1597 1727 TYRANNICIDIO
1642 1677 1821 1726 ‘APUD
1872 1674 2389 1764 MAcuiAVELLUM

596 1963 774 2035 Errat
816 1963 924 2043 qui
961 1962 1177 2025 credat
1214 1962 1424 2024 medio
1455 1981 1591 2024 aevo
1625 1961 2112 2044 tyrannicidium
2142 1979 2287 2022 raro
2320 1960 2511 2022 fuisse
2540 1979 2673 2022 rem
2707 1979 2871 2040 prae-

515 2060 708 2120 sentis
753 2066 816 2121 et
858 2060 1139 2140 urgentis
1179 2061 1502 2121 momenti.
1545 2060 1731 2140 Apud
1782 2078 1897 2121 nos
1941 2059 2197 2140 quidem
2238 2058 2337 2126 de,
2373 2057 2494 2120 hoc
2533 2077 2663 2120 non
2714 2059 2871 2119 alias

514 2158 642 2217 fere
671 2163 883 2218 actum
915 2163 1008 2219 est
1037 2155 1154 2218 nisi
1184 2176 1380 2236 quum
1421 2162 1683 2219 necatus
1714 2163 1807 2217 est
1845 2155 2312 2218 Aurelianensis
2342 2157 2472 2218 dux
2514 2175 2555 2217 a
2590 2158 2873 2234 Burgun-

513 2254 739 2315 dorum
772 2255 927 2316 duce
948 2261 1009 2316 et
1039 2255 1118 2316 ad
1157 2253 1345 2316 caedis
1377 2253 1548 2316 illius
1583 2255 1886 2316 invidiam
1922 2254 2345 2316 eximendam.
2392 2254 2513 2315 Sed
2559 2253 2625 2313 in
2664 2254 2866 2314 omni·

514 2351 629 2411 bus
672 2353 1032 2429 regionibus
1072 2372 1212 2432 quae
1258 2372 1387 2414 non
1435 2353 1750 2430 degebant
1798 2352 1913 2413 suh
1953 2351 2218 2431 imperio
2250 2351 2397 2413 forti
2440 2371 2514 2414 ac
2552 2351 2861 2430 legitim0‚

511 2450 766 2530 tyranni
796 2450 1095 2511 continuo
1138 2456 1440 2530 tyrannos
1479 2450 1899 2532 excipiebant,
1944 2468 2137 2529 regno
2176 2449 2433 2510 alternis
2471 2449 2715 2510 vicibus
2756 2467 2871 2528 per

512 2545 639 2606 vim
661 2553 990 2628 occupato,
1017 2550 1164 2610 Haec
1193 2554 1328 2610 erat
1359 2548 1556 2609 Italiae
1589 2548 1865 2610 conditio
1898 2547 2004 2608 ubi
2036 2547 2340 2609 universae
2376 2549 2503 2609 sere
2544 2546 2856 2610 civitatesq

514 2651 580 2705 ut
626 2644 776 2705 olim
823 2646 890 2706 in
930 2647 1188 2721 Graecia,
1239 2666 1373 2709 sese
1423 2646 1673 2709 assiduo
1728 2647 2068 2708 defendere
2116 2645 2511 2725 cogebantur
2563 2646 2863 2707 adversus

510 2742 780 2821 impetus
809 2751 870 2804 et
910 2762 1106 2823 prava
1144 2744 1406 2806 consilia
1451 2744 1755 2825 principis
1797 2743 2128 2823 cujusdam
2164 2743 2559 2823 potentioriS,
2605 2745 2714 2824 qui
2745 2742 2861 2805 sub

502 2839 730 2918 jugum
779 2860 886 2902 eas
933 2842 1213 2919 redigere
1263 2842 1644 2904 conabatur.
1708 2844 1908 2914 Quam
1949 2842 2358 2902 vehementer
2403 2842 2733 2901 interesset
2782 2839 2861 2901 ad

508 2937 652 2997 vitae
692 2938 1079 3017 quotidianae
1128 2958 1310 3000 usum
1355 2948 1418 3000 et
1465 2940 1775 3001 rationem
1829 2938 1938 2999 illa
1982 2939 2059 2999 de
2114 2938 2535 3018 tyrannicidio
2587 2937 2857 3018 quaestio

507 3035 659 3094 satis
689 3034 895 3097 lucide
923 3037 1297 3116 comprobat
1327 3056 1366 3097 a
1395 3037 1698 3099 Bartholo
1730 3038 1999 3116 scriptus
2028 3038 2102 3098 de
2134 3035 2424 3117 Tyranno
2456 3036 2637 3098 liber.

589 3131 698 3192 Ille
724 3133 916 3207 enim,
941 3134 1049 3212 qui
1070 3134 1546 3213 quartodecimo
1574 3134 1784 3196 seculo
1814 3134 1989 3205 vixit,
2025 3153 2139 3195 nec
2167 3133 2453 3195 civilibus
2493 3134 2703 3207 rebuS,
2739 3152 2857 3195 nec

509 3228 954 3309 philosophiae,
987 3230 1097 3291 sed
1119 3230 1637 3310 jurisprudentiae
1674 3238 1923 3292 tantum
1950 3231 2201 3291 additus
2240 3232 2379 3305 fuit,
2414 3232 2491 3291 de
2526 3230 2861 3311 tyrannide

509 3325 757 3388 disserit
785 3327 866 3388 ad
891 3328 996 3407 jus
1030 3346 1270 3390 merum
1295 3348 1359 3390 se
1381 3330 1732 3407 conferen5‚
1762 3335 1824 3390 et
1854 3330 2006 3408 quid
2025 3328 2107 3390 sit
2138 3327 2487 3407 legitimum
2511 3328 2573 3388 in
2605 3329 2863 3407 tyranni

511 3423 664 3485 actis
684 3426 978 3505 exquirit,
1011 3427 1160 3487 etin
1199 3427 1356 3489 duas
1381 3432 1593 3507 partes
1633 3426 1859 3504 digerit
1898 3446 2039 3505 quae
2064 3445 2179 3507 per
2213 3426 2453 3487 modum
2480 3424 2861 3507 juriscondi-

510 3521 696 3581 tiom’s
726 3523 925 3601 egerit
953 3530 1015 3585 et
1043 3544 1184 3605 quae
1205 3543 1328 3605 per
1351 3524 1593 3585 modum
1626 3533 2004 3585 contractus.
2043 3524 2163 3584 Illa
2202 3523 2538 3601 illegitima
2579 3530 2727 3583 sunt
2750 3542 2862 3584 nec

499 3616 742 3682 diutius
787 3618 998 3682 valent
1042 3641 1234 3702 quam
1285 3622 1538 3702 tyranni
1584 3606 1895 3702 potestas;
1959 3622 2093 3684 haec
2149 3622 2359 3703 vigent
2416 3628 2479 3683 ct
2532 3628 2865 3683 servantur

507 3713 694 3775 etiam
725 3714 1020 3779 destituto
1049 3725 1318 3800 tyranno
1352 3739 1366 3781 :
1401 3717 1635 3780 scilicet
1658 3727 1799 3782 acta
1829 3719 2085 3798 politica
2107 3718 2365 3791 cadunt‚
2400 3718 2507 3779 sed
2537 3718 2862 3798 pactiones

508 3818 570 3871 et
599 3818 961 3875 contractus
989 3822 1382 3895 permanent,
1417 3835 1542 3896 qua
1570 3816 1973 3878 distinctione
2013 3817 2243 3897 saepius
2285 3816 2377 3877 usi
2417 3821 2564 3877 sunt
2602 3816 2668 3875 in
2706 3834 2856 3895 pos-—

507 3909 724 3969 teriori
777 3916 960 3973 aetate
1011 3932 1221 3974 rerum
1266 3932 1577 3975 novarum
1614 3912 1912 3975 fautores,
1959 3914 2138 3986 Quod
2173 3913 2225 3973 si
2263 3913 2359 3973 vir
2398 3913 2528 3988 ille,
2561 3913 2855 3975 observa-

508 4004 677 4066 tione
725 4013 787 4068 et
828 4028 942 4069 usu
984 4030 1192 4071 rerum
1228 4011 1540 4072 formatus
1574 4010 1863 4091 jurisque
1894 4008 2196 4071 altissima
2231 4009 2515 4083 scientia,
2544 4008 2860 4089 ejusmodi

505 4100 684 4163 inivit
727 4104 1242 4186 disputationem,
1309 4127 1459 4169 sane
1508 4107 1838 4169 fatendum
1889 4114 1982 4168 est
2028 4125 2169 4168 eum
2230 4108 2599 4186 urgentibus
2654 4106 2859 4168 aetatis

505 4216 632 4261 suae
659 4202 826 4262 curis
856 4210 918 4264 et
937 4206 1359 4285 praesentibus
1381 4205 1733 4268 commodis
1756 4205 2132 4267 inserviisse.

595 4302 906 4377 Quoniam
951 4303 1028 4364 de
1075 4304 1261 4365 Italia
1309 4310 1373 4365 et
1418 4304 1494 4365 de
1536 4301 1771 4365 Italicis
1828 4303 2186 4365 civitatibus
2224 4303 2461 4364 mentio
2515 4304 2684 4364 facta
2736 4308 2855 4374 est,

503 4402 679 4465 locus
717 4407 812 4462 est
849 4401 1218 4479 exquirendi
1261 4402 1484 4481 quanti
1529 4400 1835 4462 momenti
1872 4406 1935 4463 et
1982 4400 2280 4481 ponderis
2328 4400 2564 4462 fuerint
2606 4400 2853 4461 decimo
