3131 5145
1118 1197 1428 1273 CAPUT
1481 1196 1918 1271 DECIMUM

342 1477 425 1525 DF:
488 1474 963 1525 TYRANNICIDIO
1026 1475 1199 1523 APUD
1276 1470 1690 1540 HENOTICOS,
1759 1472 1901 1521 SIVE
1963 1470 2376 1522 CATHOLICOS
2437 1472 2696 1547 cosma

439 1584 689 1633 REGIAM
738 1581 1175 1632 POTESTATEM
1228 1579 1462 1630 SANCTI
1498 1580 1806 1629 FOEDERIS
1843 1579 2124 1629 VINCULO
2178 1577 2596 1629 CONJUNCTOS

420 1816 739 1875 Hactenus
788 1832 826 1873 a
868 1812 1368 1892 protestantibus
1422 1817 1670 1871 tantum
1727 1810 1998 1871 vidimus
2051 1810 2402 1871 lacessitam
2441 1810 2691 1888 'regiam

339 1912 821 1986 institutionem,
866 1916 929 1971 et
973 1930 1010 1971 a
1048 1910 1199 1971 solis
1246 1909 1381 1989 ejus
1426 1909 1718 1969 factionis
1756 1908 2181 1987 scriptoribus
2213 1909 2318 1986 jus
2367 1908 2698 1969 resistendi

341 2011 661 2088 etiamque
694 2009 771 2069 ad
803 2026 982 2068 arma
1012 1993 1385 2069 recurrendi
1402 2006 1842 2087 praedicatum,
1877 2006 2256 2085 tyrannique
2287 2005 2524 2066 caedem
2558 2004 2694 2066 lau-

339 2107 524 2167 dibus
562 2112 879 2167 ornatam.
1170 2157 1181 2164 .

420 2203 604 2265 Falso
634 2210 849 2263 tamen
875 2202 1329 2263 existimaveris
1364 2220 1402 2261 a
1434 2201 1902 2262 Reformatione
1931 2207 1992 2261 et
2023 2200 2315 2279 religiosa
2345 2205 2692 2280 protestan-

338 2302 495 2362 tium
535 2301 660 2361 fide
700 2306 872 2361 ortas
910 2318 1045 2361 esse
1084 2306 1415 2380 protervas
1451 2299 1594 2359 illas
1639 2299 1966 2379 opiniones
2005 2303 2066 2359 et
2106 2306 2508 2378 propagatas,
2556 2300 2691 2359 Non

344 2398 499 2460 nihil
532 2398 786 2478 quidem
817 2398 1126 2458 exstitisse
1155 2396 1560 2457 consentanei
1591 2397 1754 2457 inter
1779 2396 2132 2457 libertatem
2161 2396 2236 2457 de
2259 2397 2444 2457 rebus
2465 2394 2692 2456 divinis

341 2495 755 2577 disquirendi,
796 2496 966 2575 quod
996 2494 1325 2576 proprium
1358 2500 1420 2555 et
1450 2493 1768 2574 peculiare
1797 2493 1917 2553 sibi
1947 2494 2280 2574 praetendit
2310 2512 2476 2555 nova
2511 2492 2686 2567 fides,

336 2600 398 2656 et
426 2594 703 2655 studium
742 2594 1056 2654 eximendi
1098 2601 1363 2668 menteS‚
1408 2612 1534 2673 quo
1567 2593 1797 2673 saepius
1830 2593 1899 2652 in
1933 2592 2395 2654 contumaciam
2427 2599 2488 2652 et
2519 2592 2691 2653 dete-

339 2693 567 2755 riorem
611 2692 930 2753 licentiam
976 2691 1435 2753 debacchatum
1481 2697 1596 2766 est,
1641 2691 1990 2752 fatendum.
2028 2693 2108 2751 At
2145 2690 2302 2751 illud
2341 2709 2558 2750 verum
2599 2698 2691 2749 est

338 2790 523 2852 rebus
557 2796 620 2850 et
650 2789 908 2870 politico
940 2797 1130 2862 statu,
1162 2809 1291 2850 non
1321 2809 1435 2851 sua
1473 2789 1808 2868 disciplina
1845 2789 2264 2868 religiosaque
2301 2787 2688 2848 institutione

336 2888 647 2950 adductos
676 2907 808 2949 esse
844 2888 1247 2950 Calvinianos
1276 2887 1351 2948 ad
1396 2887 1842 2966 exagitandam
1885 2887 2179 2948 conviciis
2210 2887 2450 2964 regiam
2481 2892 2684 2964 potes-

335 2993 528 3048 tatem
573 2992 636 3047 et
669 2987 749 3047 ad
790 2987 1067 3048 edendos
1098 2987 1455 3066 pervicaces
1485 2986 1628 3048 illos
1659 2992 1722 3046 et
1750 2985 2028 3047 infensos
2057 2983 2322 3059 libellos,
2359 2984 2466 3064 qui
2497 3003 2688 3064 supra

336 3090 480 3145 sunt
518 3083 836 3166 descripti.
874 3083 970 3144 Ad
1011 3083 1423 3145 refellendum
1480 3084 1922 3145 tantummodo
1961 3083 2230 3143 saevitias
2268 3090 2329 3143 et
2368 3082 2684 3143 detestan-

334 3181 485 3241 dum
518 3181 1180 3242 Sanbartholomaeam
1213 3181 1699 3242 trucidationem
1736 3183 2152 3254 HotomanuS‚
2183 3181 2499 3258 Hubertus
2526 3180 2690 3240 Lan-

333 3285 591 3356 guetuS,
627 3279 1080 3354 Buchananus,
1126 3286 1187 3340 et
1222 3279 1480 3358 quidam
1523 3279 1630 3339 alii
1671 3298 1942 3358 quorum
1982 3279 2244 3339 nomina
2286 3277 2686 3350 exciderunt,

331 3376 392 3436 in
438 3376 644 3437 lucem
679 3376 998 3456 protulere
1038 3376 1599 3452 Franco-Galliam,
1657 3375 1964 3438 Vindicias
2001 3387 2218 3438 eontra
2253 3387 2567 3455 tyrannos,
2614 3377 2689 3436 de

328 3473 483 3534 lure
510 3475 712 3554 requi,
746 3481 809 3535 et
838 3481 1050 3536 cetera
1078 3475 1300 3538 multa.

410 3573 603 3651 CuJus
630 3572 721 3632 rei
751 3573 1029 3633 maximo
1061 3573 1439 3634 documento
1471 3573 1654 3634 nobis
1681 3573 1799 3633 erit
1835 3591 2064 3652 magna
2095 3591 2234 3652 quae
2263 3571 2515 3640 incessit
2548 3590 2680 3631 mu-

333 3667 487 3729 tatio
534 3670 705 3748 apud
752 3670 1147 3732 Reformatos
1192 3678 1256 3731 et
1304 3671 1666 3731 animorum
1718 3675 1778 3730 et
1835 3670 2230 3750 opinionum,
2289 3687 2414 3749 qua
2466 3668 2566 3728 die
2617 3668 2682 3728 in

331 3782 565 3824 novum
596 3771 831 3826 statum
865 3786 962 3828 res
993 3766 1262 3846 publicae
1294 3786 1357 3828 se
1388 3773 1863 3841 converterunt,
1898 3785 2093 3844 quum
2130 3767 2432 3826 Henricus
2461 3764 2685 3825 tertius

281 3925 291 3935 ‚
329 3860 653 3922 Gallorum
679 3881 809 3935 rex,
845 3882 878 3923 e
904 3864 1152 3925 Lutetia
1181 3864 1479 3944 expulsus
1514 3865 1595 3925 ab
1624 3863 1942 3925 Henoticis
1966 3863 2420 3924 Parisiensibus
2453 3862 2682 3940 quibus

328 3965 601 4037 praeerat
624 3959 873 4020 Guisius
903 3961 1053 4036 dux,
1088 3963 1223 4041 ejus
1254 3961 1420 4022 filius
1454 3961 1560 4042 qui
1584 3981 1621 4022 a
1642 3962 1946 4022 Politroto
1977 3961 2218 4022 occisus
2249 3966 2406 4020 erat.
2435 3958 2680 4018 Lutetia

329 4054 566 4132 ejectus
608 4063 751 4134 post
788 4057 1033 4118 civilem
1076 4078 1353 4137 pugnam
1406 4076 1575 4118 anno
1618 4060 1794 4132 1588,
1831 4076 2026 4137 quum
2065 4057 2303 4117 videret
2343 4055 2678 4115 factionem

262 4223 267 4228 ⁸
331 4153 783 4214 Henoticorum
828 4162 1053 4216 cont-ra
1101 4156 1341 4234 regiam
1394 4161 1771 4236 potestatem
1806 4155 2000 4235 impio
2048 4155 2251 4214 sancti
2291 4152 2564 4225 foederiS,
2612 4157 2682 4212 ut

328 4249 606 4324 aiebant,
637 4251 891 4320 vinculo
924 4255 1436 4332 conjunctorum,
1467 4255 1812 4333 praevalere
1834 4253 1897 4313 in
1926 4251 2209 4314 Comitiis
2238 4250 2678 4323 BlaesensibuS,

325 4353 579 4438 atquee
618 4349 907 4411 manibus
946 4351 1077 4411 suis
1101 4351 1373 4430 jamjam
1413 4352 1700 4413 excidere
1731 4370 2043 4426 summam
2085 4357 2486 4431 potestatem,
2513 4349 2676 4407 Hen-
