3131 5145
1398 1268 1449 1311 Ἰ.

1361 1435 1963 1511 CONCLUSIO

560 1810 735 1870 Nunc
764 1807 831 1868 in
861 1808 1295 1870 concludendo
1330 1813 1742 1889 peragratum
1781 1807 1902 1868 iter
1935 1804 2432 1886 respicientibuS‚
2468 1810 2529 1865 et
2560 1804 2835 1866 breviter

482 1904 749 1967 collecta
776 1922 986 1967 rerum
1017 1904 1175 1965 serie
1202 1903 1650 1967 definientibus
1670 1903 1844 1984 quali
1865 1910 2076 1965 mente
2095 1901 2432 1964 calviniani
2455 1907 2515 1962 et
2535 1900 2834 1963 catholici

479 2002 813 2083 scriptores
844 2002 921 2064 de
950 2001 1369 2083 tyrannicidio
1397 2001 1828 2072 disseruerint,
1852 2002 2039 2083 plane
2064 2000 2464 2061 manifestum
2485 1998 2603 2059 erit
2622 1999 2831 2061 omni-

478 2100 597 2161 hus
654 2100 820 2162 hanc
876 2099 1198 2161 exitiosam
1254 2100 1724 2179 nefandamque
1765 2099 2121 2159 doctrinam
2178 2096 2228 2157 si
2277 2097 2483 2157 minus
2539 2096 2829 2158 suasione

480 2198 990 2259 commendatam
1024 2203 1089 2257 at
1118 2196 1341 2257 saltem
1374 2194 1667 2257 laudibus
1695 2196 2056 2277 probatam.

558 2292 807 2355 Primus
846 2300 939 2355 est
985 2295 1304 2367 ErasmuS‚
1348 2311 1495 2355 acer
1532 2299 1596 2353 et
1638 2293 1836 2354 solers
1882 2292 2234 2353 litterarum
2265 2290 2682 2365 existimator,
2719 2291 2830 2371 qui

484 2389 743 2451 mollem
792 2398 856 2451 et
910 2391 1228 2471 placidum
1284 2392 1596 2452 libertatis
1640 2409 1921 2451 amorem
1979 2392 2042 2451 in
2087 2388 2482 2452 criminando
2518 2387 2825 2462 exhibuit,

476 2487 666 2547 Tullii
706 2489 982 2549 referens
1019 2490 1081 2549 in
1132 2489 1481 2551 dubitando
1522 2489 1924 2567 elegantiam,
1983 2487 2317 2549 Lucianive
2363 2486 2430 2546 in
2479 2486 2828 2549 mordendo

477 2585 787 2648 urbanam
838 2587 1267 2669 asperitatem.
1318 2589 1477 2648 Eum
1528 2587 1889 2668 Stephanus
1930 2586 2272 2648 Boetianus
2307 2585 2679 2664 insequitur,
2722 2585 2830 2666 qui

476 2683 665 2745 etiam
697 2690 845 2746 tunc
876 2685 1406 2762 adolescentulu3‚
1442 2687 1700 2746 vixdum
1741 2685 2000 2746 remotis
2029 2683 2545 2765 praeceptoribuS‚
2581 2683 2829 2764 penitus

474 2788 757 2844 veterum
784 2783 1087 2845 librorum
1120 2801 1306 2845 succo
1333 2784 1614 2846 imbutus
1643 2782 2101 2862 disciplinaque
2130 2782 2472 2857 institutuS,
2507 2783 2588 2844 ad
2628 2781 2827 2843 decla-

469 2881 781 2941 mationes
811 2900 1007 2941 vanas
1036 2880 1435 2962 nocendique
1476 2887 1768 2961 expertes
1800 2881 1866 2940 in
1913 2887 2215 2960 tyrannos
2256 2878 2574 2940 invehitur
2610 2878 2824 2959 nilque

468 2977 547 3037 ad
579 2978 870 3039 effectum
894 2986 1270 3058 spectantem,
1300 2980 1406 3040 sed
1451 2999 1596 3059 quae
1626 2981 1941 3059 posterius
1981 2984 2050 3039 ut
2079 2978 2325 3039 insensa
2362 2997 2542 3039 arma
2575 2978 2640 3038 in
2679 2977 2822 3040 Gal-

465 3073 566 3135 liae
598 3093 775 3152 reges
794 3075 1303 3150 intentabuntur,
1332 3077 1537 3138 invito
1559 3084 1622 3138 et
1647 3078 1947 3139 insciente
1977 3082 2253 3138 auctore.
2281 3076 2463 3158 Apud
2484 3083 2824 3156 utrumque

468 3189 662 3250 quam
692 3172 1082 3251 apertissime
1111 3173 1341 3236 emicat
1369 3182 1698 3236 auctorum
1726 3179 2011 3236 veterum
2042 3192 2222 3235 mens
2256 3173 2496 3253 absque
2528 3173 2822 3254 religioso

467 3267 717 3330 affectu.
762 3271 834 3329 Et
872 3270 1061 3330 altius
1102 3271 1556 3352 prospicientes
1597 3272 1915 3333 affirmare
1957 3270 2270 3351 possimus
2304 3272 2588 3332 futurum
2627 3270 2815 3333 fuisse

468 3371 537 3424 ut
593 3365 702 3426 illa
752 3385 932 3428 mens
986 3375 1049 3429 et
1103 3369 1207 3430 ille
1266 3370 1602 3431 instinctus
1667 3389 1793 3431 non
1851 3370 1915 3430 in
1967 3369 2244 3430 deterius
2299 3368 2694 3442 declinasset,
2754 3370 2819 3429 ni

465 3461 910 3524 Machiavellus
967 3466 1186 3527 fuisset
1234 3468 1343 3548 qui
1387 3467 1720 3529 exitiosam
1768 3486 1947 3529 suam
1992 3465 2393 3547 disciplinam
2452 3465 2818 3547 perfidaque

464 3568 784 3641 praecepta
830 3565 1191 3643 adjunxerit
1234 3572 1297 3626 et
1340 3573 1408 3626 ut
1456 3566 1772 3647 principes
1815 3567 1906 3627 ita
1953 3565 2256 3646 privatOS,
2307 3563 2814 3646 conjurationum

466 3656 759 3734 artificeS,
788 3660 867 3720 ad
907 3661 1203 3739 frigidam
1238 3663 1674 3724 crudelitatem
1708 3671 1772 3724 et
1799 3663 2222 3744 compositam
2261 3663 2573 3724 saevitiam
2608 3663 2812 3742 impu-

464 3753 630 3815 ierit.

546 3852 665 3913 Sed
690 3851 955 3933 jamjam
986 3856 1329 3936 appetebat
1356 3863 1632 3939 tempus,
1664 3878 1791 3940 quo
1822 3859 1958 3921 haec
1987 3859 2065 3920 de
2097 3857 2516 3940 tyrannicidio
2543 3857 2809 3938 quaestio

460 3954 523 4010 et
551 3951 806 4029 gravior
826 3959 889 4014 et
912 3954 994 4015 ad
1012 3955 1303 4017 libidines
1324 3957 1784 4036 permovendas
1807 3958 2015 4036 aptior
2039 3963 2337 4044 exstaret,
2359 3976 2555 4036 quum
2579 3955 2814 4018 scilicet

460 4065 498 4108 a
544 4049 851 4125 religiosis
893 4052 1273 4114 factionibus
1325 4054 1551 4133 agitari
1584 4063 1794 4136 coepta
1831 4063 1947 4135 est,
1995 4062 2058 4116 et
2097 4055 2175 4116 ad
2217 4054 2524 4116 ultionem
2559 4054 2689 4116 sive
2733 4053 2814 4115 ad

458 4145 952 4210 dominationem
990 4169 1107 4230 pro
1138 4152 1560 4214 instrumento
1604 4152 1911 4215 adhiberi.
1952 4155 2128 4214 Tunc
2169 4153 2431 4214 eminuit
2478 4153 2805 4214 Reforma-

457 4243 647 4304 tionis
678 4245 875 4306 virtus
908 4265 922 4306 ε
958 4255 1380 4327 protestantes
1415 4257 1643 4312 vexata
1679 4251 1799 4312 fide
1837 4252 1916 4313 ad
1952 4252 2076 4312 vim
2119 4258 2181 4312 et
2219 4250 2630 4312 rebellionem
2661 4269 2810 4313 con-

455 4339 708 4418 fugiunt
736 4348 799 4402 et
829 4361 903 4403 ex
934 4345 1260 4407 ordinibus
1296 4347 1424 4408 suis
1463 4348 1837 4429 scriptorem
1877 4350 2227 4429 praeferunt
2257 4348 2568 4410 altissima
2596 4349 2813 4410 erudi-

458 4436 648 4512 tione,
691 4439 798 4517 qui
838 4439 900 4499 in
954 4440 1443 4505 Franco-Gallia
1482 4447 1592 4525 jus
1639 4445 1987 4507 rebellandi
2038 4445 2392 4524 legitimum
2445 4445 2808 4508 habendum
