3131 5145
1462 437 1785 501 -40-

444 571 574 633 tion
617 591 725 632 sur
765 572 826 633 la
867 571 965 633 vie
1004 572 1080 633 de
1121 591 1266 634 ceus
1294 591 1416 653 que
1458 573 1615 634 Dieu
1660 591 1698 633 a
1732 571 1937 633 eleves
1973 588 2082 631 sur
2118 587 2300 632 nous,
2329 571 2407 630 Et
2444 575 2695 630 surtout
2722 569 2795 631 de

445 669 738 730 n’ahuser
774 669 850 731 de
903 669 1337 750 l'hospitalite‚
1384 670 1623 743 amithi,
1667 668 2011 748 parentele,
2056 673 2117 728 et
2156 673 2367 729 autres
2408 669 2578 729 sains
2616 667 2793 741 lienS,

444 784 608 845 pour
635 767 836 828 doner
867 766 986 828 lieu
1017 770 1056 828 a
1081 786 1178 828 ses
1209 767 1589 848 frenetiques
1620 766 1933 848 opinionS‚
1967 771 2029 826 et
2064 764 2271 826 abolir
2301 784 2421 825 une
2452 765 2797 844 pretendue

445 864 758 943 tyrannie.
797 889 826 920 »
2364 867 2371 874 ‘

479 961 654 1038 rssub
683 961 851 1022 idem
881 962 1009 1022 fere
1035 969 1307 1042 tempus,
1339 962 1403 1022 in
1435 961 1755 1022 vicinitate
1782 961 2025 1039 Neraci‚
2060 959 2229 1039 apud
2256 958 2595 1020 Castellum
2624 958 2799 1020 Gelo-

443 1079 604 1132 sum,
648 1078 817 1121 anno
868 1062 1044 1133 1577,
1086 1059 1372 1120 Albinius
1415 1061 1591 1137 gravi
1642 1059 1969 1120 confossus
2016 1056 2275 1118 vulnere
2318 1063 2381 1116 et
2420 1056 2691 1136 jamjam
2734 1076 2805 1128 se,

441 1158 822 1218 moriturum
850 1157 1110 1219 credens
1137 1159 1201 1218 in
1232 1158 1503 1238 speeiem
1547 1156 1907 1219 testamenti
1949 1155 2156 1235 prima
2194 1154 2481 1215 carmina
2513 1153 2795 1227 dictavit,

444 1273 586 1334 quae
615 1255 924 1335 posterius
952 1255 1017 1316 in
1047 1256 1176 1316 otio
1204 1254 1475 1316 absolvit
1508 1262 1571 1315 et
1604 1255 1667 1314 in
1707 1253 1909 1314 lucem
1954 1269 2123 1312 anno
2164 1257 2412 1312 tantum
2452 1253 2607 1312 1616
2647 1271 2796 1330 pro-

444 1353 651 1414 denda
709 1353 951 1413 curavit
999 1351 1377 1434 Trayicaque
1435 1350 1800 1432 appellavit.
1858 1351 2018 1410 Dum
2073 1349 2139 1408 in
2198 1348 2358 1410 lecto
2416 1349 2799 1410 detineretur

443 1455 670 1511 moesto
720 1450 930 1510 animo
979 1457 1275 1529 reputans
1321 1469 1461 1529 quae
1506 1450 1725 1509 futura
1764 1454 1927 1508 esset
1974 1447 2467 1508 Protestantium
2517 1446 2794 1520 fortuna,

445 1565 634 1626 quam
682 1545 1079 1607 acerbissime
1111 1547 1465 1626 angebatur
1500 1550 1763 1606 cruenta
1798 1543 2145 1606 certamina
2184 1544 2544 1623 respiciens,
2574 1550 2635 1603 et
2668 1561 2795 1604 me-

445 1645 606 1704 mori
655 1643 866 1704 animo
916 1649 1204 1723 repetens
1241 1644 1454 1724 turpia
1493 1661 1762 1722 quaeque
1810 1648 1872 1703 et
1920 1642 2089 1704 foeda
2130 1641 2357 1722 quibus
2392 1641 2792 1704 interfuisset.

447 1741 947 1819 Indignationem
987 1741 1181 1802 animi
1225 1741 1451 1802 ferocis
1491 1746 1554 1801 et
1600 1741 1893 1802 indomiti
1930 1740 2317 1801 accendebat
2356 1739 2407 1800 si
2446 1739 2595 1819 quid
2638 1747 2798 1800 esset

444 1837 732 1918 iniquum
777 1857 1110 1918 perpessus
1145 1837 1242 1899 vel
1282 1838 1498 1899 durius
1537 1844 1854 1918 expertuS.
1891 1836 2208 1915 Quidquid
2238 1836 2485 1898 viderat
2524 1843 2586 1897 et
2627 1855 2795 1916 prae-

444 1936 752 1997 tereundo
815 1935 1154 1996 transierat
1211 1937 1581 2014 resurgebat
1634 1941 1695 1996 et
1744 1942 2020 1996 mentem
2082 1935 2565 2014 praestringebat
2624 1934 2801 2014 quasi

441 2033 738 2094 immanis
779 2033 1105 2112 tragoediae
1146 2039 1288 2094 acta
1324 2033 1388 2092 in
1429 2033 1659 2112 quibus
1706 2033 1961 2113 tyranni
2004 2039 2068 2092 et
2106 2032 2323 2093 fideles
2368 2034 2495 2092 Deo
2542 2039 2700 2094 teste
2740 2039 2803 2094 et

444 2130 681 2192 arbitro
713 2132 1056 2192 saevissime
1087 2132 1250 2192 inter
1285 2150 1349 2192 se
1391 2130 1821 2192 decertabant.
1856 2132 2002 2191 Haec
2034 2130 2249 2190 omnia
2279 2130 2565 2210 depinxit
2593 2131 2804 2192 vivida

443 2236 507 2289 et
539 2228 883 2301 salebrosa,
923 2229 1140 2309 ampla
1177 2234 1240 2290 et
1275 2228 1680 2308 praefulgenti
1708 2228 2092 2309 eloquentia.
2128 2267 2136 2329 Ι

523 2329 720 2388 Nemo
773 2327 982 2406 aptius
1027 2346 1218 2407 quam
1267 2326 1555 2388 Albinius
1613 2325 1845 2406 Tyrtaei
1904 2333 2115 2406 partes
2170 2327 2339 2406 apud
2398 2325 2803 2389 Calvinianos

445 2443 630 2504 agere
659 2424 986 2503 potuisset.
1021 2424 1305 2485 Nefanda
1330 2443 1429 2485 res
1469 2424 1666 2485 oculis
1706 2423 1989 2503 subjecta
2030 2430 2311 2485 teneram
2348 2424 2483 2504 ejus
2521 2431 2800 2486 mentem

441 2521 649 2584 vivide
694 2527 1164 2583 commoverat:
1201 2541 1402 2584 annos
1444 2540 1671 2584 novem
1713 2527 1899 2583 natus
1938 2540 2133 2601 quum
2171 2520 2513 2601 fugientem
2553 2526 2801 2601 patrem

445 2619 852 2681 comitaretur
899 2626 1048 2680 ante
1106 2638 1320 2681 muros
1377 2619 1619 2681 castelli
1676 2619 2042 2679 Ambosiani
2099 2618 2398 2693 substitit,
2446 2639 2521 2680 ex
2573 2620 2805 2699 quibus

444 2718 805 2799 pendebant
848 2736 1010 2777 caesa
1051 2719 1524 2797 conjuratorum
1580 2717 1809 2797 capita.
1858 2716 2041 2777 Pater
2083 2717 2299 2777 oculos
2342 2716 2619 2779 lacrimis
2671 2719 2799 2779 suf-

445 2816 616 2876 fusos
640 2820 701 2875 et
731 2834 955 2875 manus
991 2814 1261 2875 intendit
1298 2814 1378 2875 ad
1418 2814 1737 2875 horrenda
1775 2813 1885 2873 illa
1924 2812 2204 2874 civilium
2245 2814 2532 2875 furorum
2574 2834 2801 2876 monu-

443 2918 680 2986 menta,
727 2920 788 2974 et
822 2913 1238 2993 jurejurando
1284 2930 1549 2992 puerum
1593 2911 1936 2973 obstrinxit
1982 2919 2047 2972 ut
2090 2918 2325 2974 aeterno
2379 2912 2525 2973 odio
2578 2926 2802 2975 omnes

444 3008 593 3071 fidei
621 3010 908 3071 inimicos
936 3013 1370 3072 insectaretur.
1406 3010 1588 3083 Quod
1616 3029 1655 3072 a
1684 3028 1878 3089 puero
1899 3010 2210 3089 juratum,
2237 3009 2567 3070 Annibalis
2598 3029 2798 3085 more,

446 3106 701 3168 adultus
729 3126 853 3167 non
886 3107 1120 3168 oblitus
1145 3113 1257 3169 est.
1295 3108 1548 3181 Quoties
1580 3114 2001 3188 protestantes
2028 3107 2285 3169 infensis
2314 3108 2505 3168 armis
2534 3108 2597 3168 in
2628 3127 2800 3169 cam-

445 3222 596 3285 pum
636 3204 948 3284 prodiere,
982 3205 1223 3285 primus
1265 3204 1369 3265 ille
1399 3205 1464 3265 in
1496 3224 1726 3285 equum
1769 3204 2005 3267 insilire
2055 3212 2119 3266 et
2156 3224 2296 3285 quae
2330 3224 2476 3286 pars
2519 3205 2799 3267 hostium

447 3301 908 3363 confertissima
922 3302 1242 3363 videretur
1259 3302 1324 3363 in
1346 3321 1486 3363 eam
1511 3302 1678 3364 ferro
1696 3302 2068 3382 irrumpere,
2092 3308 2155 3363 et
2176 3302 2291 3364 sub
2313 3321 2643 3383 vesperam
2665 3303 2798 3364 vix-

446 3399 596 3460 dum
623 3399 854 3461 sedatis
884 3399 1089 3481 proelii
1121 3401 1502 3475 rumoribuS‚
1529 3420 1754 3462 cruore
1780 3406 1843 3461 et
1866 3400 2120 3481 pulvere
2153 3420 2495 3481 respersuS,
2522 3401 2796 3464 alacrem

447 3503 701 3573 cant-um
735 3516 1115 3578 componere
1145 3499 1244 3559 vel
1269 3498 1545 3560 vividam
1577 3498 1659 3559 ad
1688 3499 1965 3560 crastina
1988 3498 2213 3578 proelia
2244 3494 2692 3562 hortationem.

527 3594 685 3655 Mira
714 3595 950 3673 ingenii
979 3595 1280 3657 facultate
1309 3597 1370 3656 in
1406 3603 1645 3677 septem
1694 3596 1748 3656 T
1742 3596 2098 3677 rayicorum
2141 3596 2315 3657 libris
2352 3596 2597 3675 effingit
2631 3597 2799 3659 reni-

447 3692 666 3753 dentes
711 3691 852 3751 illas
900 3711 1224 3771 personata,
1268 3695 1524 3768 Mosem‚
1570 3695 1947 3768 Gedeonem‚
1991 3695 2410 3767 MachabaeOS‚
2454 3693 2794 3772 Colinium,

445 3790 654 3851 vexati
685 3788 906 3870 populi
935 3790 1315 3868 defensoreS‚
1349 3798 1406 3852 et
1441 3792 1758 3854 contraria
1790 3800 1967 3872 parte
1998 3792 2229 3854 invisas
2259 3794 2495 3872 species
2519 3788 2797 3855 et'teter-

445 3888 662 3967 rimas,
717 3888 1116 3967 'Pharaones,
1167 3890 1667 3970 Heliogabalum,
1733 3894 2074 3961 Neronem,
2146 3891 2444 3952 Carolum
2520 3909 2793 3968 nonum,

445 3986 787 4047 Henricum
854 3986 1140 4061 tertium,
1190 3987 1596 4049 Catharinam
1650 3989 2011 4063 Medice'am,
2061 3988 2292 4050 alteros
2347 4008 2424 4049 ex
2480 3988 2798 4051 altissimis

446 4083 841 4164 antiquitatis
893 4084 1208 4148 hebraicae
1274 4105 1633 4148 romanaeve
1682 4086 2016 4147 annalibus
2046 4093 2385 4160 evocatos,
2436 4084 2671 4147 alteros
2718 4106 2796 4150 ex

445 4180 773 4260 praesentis
826 4182 1029 4243 aetatis
1083 4202 1278 4245 arena
1330 4203 1650 4259 excuSSOS‚
1701 4190 2073 4246 aestuantem
2131 4190 2407 4245 mentem
2452 4186 2634 4264 quasi
2682 4204 2799 4266 per

446 4278 760 4339 somnium
801 4280 1058 4341 confuse
1097 4282 1627 4361 praestringentes
1625 4329 1657 4370 Δ

525 4375 824 4448 Quaedam
883 4396 916 4439 e
983 4376 1264 4460 Traqicis
1329 4399 1522 4441 manu
1582 4368 1879 4462 excerpta
1926 4381 1990 4442 in
2033 4382 2251 4445 castris
2308 4381 2793 4461 protestantium
