<?xml version="1.0" encoding="UTF-8"?>
<!DOCTYPE html PUBLIC "-//W3C//DTD XHTML 1.0 Transitional//EN"
    "http://www.w3.org/TR/xhtml1/DTD/xhtml1-transitional.dtd">
<html xmlns="http://www.w3.org/1999/xhtml" xml:lang="en" lang="en">
 <head>
  <title>
</title>
<meta http-equiv="Content-Type" content="text/html;charset=utf-8" />
  <meta name='ocr-system' content='tesseract 3.04.00' />
  <meta name='ocr-capabilities' content='ocr_page ocr_carea ocr_par ocr_line ocrx_word'/>
</head>
<body>
  <div class='ocr_page' id='page_1' title='image "./detyrannicidica00douagoog_0038.png"; bbox 0 0 3131 5145; ppageno 0'>
   <div class='ocr_carea' id='block_1_1' title="bbox 1479 454 1801 521">
    <p class='ocr_par' dir='ltr' id='par_1_1' title="bbox 1479 454 1801 521">
     <span class='ocr_line' id='line_1_1' title="bbox 1479 454 1801 521; baseline 0 -17"><span class='ocrx_word' id='word_1_1' title='bbox 1479 454 1801 521; x_wconf 67' lang='lat'>-20.-</span> 
     </span>
    </p>
   </div>
   <div class='ocr_carea' id='block_1_2' title="bbox 466 587 2843 1750">
    <p class='ocr_par' dir='ltr' id='par_1_2' title="bbox 466 587 2843 873">
     <span class='ocr_line' id='line_1_2' title="bbox 473 587 2843 675; baseline -0.003 -18"><span class='ocrx_word' id='word_1_2' title='bbox 473 597 590 658; x_wconf 80' lang='lat' dir='ltr'>tati</span> <span class='ocrx_word' id='word_1_3' title='bbox 633 593 786 655; x_wconf 90' lang='lat' dir='ltr'>velis</span> <span class='ocrx_word' id='word_1_4' title='bbox 823 593 1128 672; x_wconf 85' lang='lat' dir='ltr'>infligere.</span> <span class='ocrx_word' id='word_1_5' title='bbox 1173 624 1254 636; x_wconf 90' lang='lat'><strong>—</strong></span> <span class='ocrx_word' id='word_1_6' title='bbox 1302 588 1513 652; x_wconf 87' lang='lat' dir='ltr'>Semel</span> <span class='ocrx_word' id='word_1_7' title='bbox 1563 595 1626 652; x_wconf 92' lang='lat' dir='ltr'>et</span> <span class='ocrx_word' id='word_1_8' title='bbox 1671 589 1735 651; x_wconf 91' lang='lat' dir='ltr'>in</span> <span class='ocrx_word' id='word_1_9' title='bbox 1778 595 1983 651; x_wconf 88' lang='lat' dir='ltr'>totum</span> <span class='ocrx_word' id='word_1_10' title='bbox 2024 587 2377 649; x_wconf 87' lang='lat' dir='ltr'>exercenda</span> <span class='ocrx_word' id='word_1_11' title='bbox 2411 593 2504 648; x_wconf 88' lang='lat' dir='ltr'>est</span> <span class='ocrx_word' id='word_1_12' title='bbox 2550 587 2843 675; x_wconf 16' lang='lat' dir='ltr'>saevitia.-</span> 
     </span>
     <span class='ocr_line' id='line_1_3' title="bbox 470 685 2821 765; baseline -0.003 -12"><span class='ocrx_word' id='word_1_13' title='bbox 470 729 550 738; x_wconf 88' lang='lat'><em>-</em></span> <span class='ocrx_word' id='word_1_14' title='bbox 571 694 634 754; x_wconf 88' lang='lat' dir='ltr'>Si</span> <span class='ocrx_word' id='word_1_15' title='bbox 655 687 1018 752; x_wconf 81' lang='lat' dir='ltr'>libertatem</span> <span class='ocrx_word' id='word_1_16' title='bbox 1033 687 1412 750; x_wconf 78' lang='lat' dir='ltr'>confirmare</span> <span class='ocrx_word' id='word_1_17' title='bbox 1441 687 1615 762; x_wconf 89' lang='lat' dir='ltr'>velis,</span> <span class='ocrx_word' id='word_1_18' title='bbox 1646 685 1966 749; x_wconf 89' lang='lat' dir='ltr'>evertendi</span> <span class='ocrx_word' id='word_1_19' title='bbox 1992 691 2139 746; x_wconf 89' lang='lat' dir='ltr'>sunt</span> <span class='ocrx_word' id='word_1_20' title='bbox 2160 703 2380 746; x_wconf 89' lang='lat' dir='ltr'>omnes</span> <span class='ocrx_word' id='word_1_21' title='bbox 2394 702 2710 765; x_wconf 77' lang='lat' dir='ltr'><strong>proceres,</strong></span> <span class='ocrx_word' id='word_1_22' title='bbox 2742 721 2821 732; x_wconf 92' lang='lat'><em>-</em></span> 
     </span>
     <span class='ocr_line' id='line_1_4' title="bbox 466 779 2154 873; baseline -0.006 -21"><span class='ocrx_word' id='word_1_23' title='bbox 466 779 825 870; x_wconf 58' lang='lat' dir='ltr'>&#39;Opprobrio</span> <span class='ocrx_word' id='word_1_24' title='bbox 851 787 1100 849; x_wconf 89' lang='lat' dir='ltr'>sceleris</span> <span class='ocrx_word' id='word_1_25' title='bbox 1130 784 1503 864; x_wconf 80' lang='lat' dir='ltr'>magnitudo</span> <span class='ocrx_word' id='word_1_26' title='bbox 1529 783 1915 846; x_wconf 83' lang='lat' dir='ltr'>obtenditur.</span> <span class='ocrx_word' id='word_1_27' title='bbox 2150 869 2154 873; x_wconf 13' lang='lat' dir='ltr'><em>q</em></span> 
     </span>
    </p>

    <p class='ocr_par' dir='ltr' id='par_1_3' title="bbox 466 879 2820 1750">
     <span class='ocr_line' id='line_1_5' title="bbox 479 879 2820 965; baseline -0.003 -18"><span class='ocrx_word' id='word_1_28' title='bbox 479 923 486 929; x_wconf 87' lang='lat'><strong>·</strong></span> <span class='ocrx_word' id='word_1_29' title='bbox 550 886 938 965; x_wconf 88' lang='lat' dir='ltr'>Quicumque</span> <span class='ocrx_word' id='word_1_30' title='bbox 980 883 1332 944; x_wconf 87' lang='lat' dir='ltr'>libertatem</span> <span class='ocrx_word' id='word_1_31' title='bbox 1373 900 1518 942; x_wconf 88' lang='lat' dir='ltr'>vere</span> <span class='ocrx_word' id='word_1_32' title='bbox 1547 881 1820 959; x_wconf 89' lang='lat' dir='ltr'>diligunt</span> <span class='ocrx_word' id='word_1_33' title='bbox 1868 879 2189 959; x_wconf 79' lang='lat' dir='ltr'>generosis</span> <span class='ocrx_word' id='word_1_34' title='bbox 2240 879 2435 940; x_wconf 89' lang='lat' dir='ltr'>animi</span> <span class='ocrx_word' id='word_1_35' title='bbox 2490 879 2820 942; x_wconf 84' lang='lat' dir='ltr'>affectibus</span> 
     </span>
     <span class='ocr_line' id='line_1_6' title="bbox 468 977 2819 1058; baseline -0.003 -14"><span class='ocrx_word' id='word_1_36' title='bbox 468 983 744 1044; x_wconf 79' lang='lat' dir='ltr'>instincti</span> <span class='ocrx_word' id='word_1_37' title='bbox 770 981 1070 1043; x_wconf 80' lang='lat' dir='ltr'>iracunde</span> <span class='ocrx_word' id='word_1_38' title='bbox 1101 979 1481 1040; x_wconf 83' lang='lat' dir='ltr'>invehentur</span> <span class='ocrx_word' id='word_1_39' title='bbox 1509 979 1572 1040; x_wconf 91' lang='lat' dir='ltr'>in</span> <span class='ocrx_word' id='word_1_40' title='bbox 1606 977 2011 1058; x_wconf 89' lang='lat' dir='ltr'>pravissimas</span> <span class='ocrx_word' id='word_1_41' title='bbox 2042 983 2103 1038; x_wconf 90' lang='lat' dir='ltr'>et</span> <span class='ocrx_word' id='word_1_42' title='bbox 2131 977 2518 1056; x_wconf 89' lang='lat' dir='ltr'>periculosas</span> <span class='ocrx_word' id='word_1_43' title='bbox 2547 977 2819 1038; x_wconf 87' lang='lat' dir='ltr'>Machia-</span> 
     </span>
     <span class='ocr_line' id='line_1_7' title="bbox 467 1075 2817 1158; baseline -0.001 -18"><span class='ocrx_word' id='word_1_44' title='bbox 467 1081 614 1142; x_wconf 71' lang='lat' dir='ltr'>velli</span> <span class='ocrx_word' id='word_1_45' title='bbox 644 1080 1007 1155; x_wconf 77' lang='lat' dir='ltr'>sententiae,</span> <span class='ocrx_word' id='word_1_46' title='bbox 1042 1077 1272 1158; x_wconf 89' lang='lat' dir='ltr'>quibus</span> <span class='ocrx_word' id='word_1_47' title='bbox 1293 1077 1530 1157; x_wconf 88' lang='lat' dir='ltr'>pariter</span> <span class='ocrx_word' id='word_1_48' title='bbox 1552 1084 1615 1138; x_wconf 90' lang='lat' dir='ltr'>et</span> <span class='ocrx_word' id='word_1_49' title='bbox 1640 1082 2087 1156; x_wconf 87' lang='lat' dir='ltr'>corruptorum</span> <span class='ocrx_word' id='word_1_50' title='bbox 2127 1093 2345 1154; x_wconf 87' lang='lat' dir='ltr'>regum</span> <span class='ocrx_word' id='word_1_51' title='bbox 2382 1080 2549 1136; x_wconf 87' lang='lat' dir='ltr'>artes</span> <span class='ocrx_word' id='word_1_52' title='bbox 2579 1075 2817 1138; x_wconf 82' lang='lat' dir='ltr'>dolosae</span> 
     </span>
     <span class='ocr_line' id='line_1_8' title="bbox 469 1172 2818 1255; baseline -0.003 -16"><span class='ocrx_word' id='word_1_53' title='bbox 469 1186 530 1239; x_wconf 89' lang='lat' dir='ltr'>et</span> <span class='ocrx_word' id='word_1_54' title='bbox 567 1177 802 1238; x_wconf 86' lang='lat' dir='ltr'>vitiatae</span> <span class='ocrx_word' id='word_1_55' title='bbox 853 1177 1148 1237; x_wconf 86' lang='lat' dir='ltr'>faventur</span> <span class='ocrx_word' id='word_1_56' title='bbox 1192 1181 1256 1236; x_wconf 91' lang='lat' dir='ltr'>et</span> <span class='ocrx_word' id='word_1_57' title='bbox 1292 1175 1743 1235; x_wconf 82' lang='lat' dir='ltr'>insanientium</span> <span class='ocrx_word' id='word_1_58' title='bbox 1794 1172 2177 1255; x_wconf 90' lang='lat' dir='ltr'>populorum</span> <span class='ocrx_word' id='word_1_59' title='bbox 2227 1175 2426 1246; x_wconf 81' lang='lat' dir='ltr'>furor,</span> <span class='ocrx_word' id='word_1_60' title='bbox 2467 1173 2578 1252; x_wconf 85' lang='lat' dir='ltr'>qui</span> <span class='ocrx_word' id='word_1_61' title='bbox 2608 1173 2818 1235; x_wconf 90' lang='lat' dir='ltr'>cruori</span> 
     </span>
     <span class='ocr_line' id='line_1_9' title="bbox 469 1270 2815 1350; baseline -0.001 -16"><span class='ocrx_word' id='word_1_62' title='bbox 469 1275 668 1335; x_wconf 82' lang='lat' dir='ltr'>effuso</span> <span class='ocrx_word' id='word_1_63' title='bbox 697 1274 1033 1335; x_wconf 85' lang='lat' dir='ltr'>immodice</span> <span class='ocrx_word' id='word_1_64' title='bbox 1087 1272 1435 1349; x_wconf 80' lang='lat' dir='ltr'>indulgent.</span> <span class='ocrx_word' id='word_1_65' title='bbox 1493 1273 1615 1332; x_wconf 90' lang='lat' dir='ltr'>Per</span> <span class='ocrx_word' id='word_1_66' title='bbox 1638 1277 1975 1350; x_wconf 85' lang='lat' dir='ltr'>utrumque</span> <span class='ocrx_word' id='word_1_67' title='bbox 2028 1271 2290 1332; x_wconf 89' lang='lat' dir='ltr'>modum</span> <span class='ocrx_word' id='word_1_68' title='bbox 2332 1289 2431 1331; x_wconf 87' lang='lat' dir='ltr'>res</span> <span class='ocrx_word' id='word_1_69' title='bbox 2478 1270 2555 1331; x_wconf 90' lang='lat' dir='ltr'>ad</span> <span class='ocrx_word' id='word_1_70' title='bbox 2598 1278 2815 1350; x_wconf 89' lang='lat' dir='ltr'>tyran-</span> 
     </span>
     <span class='ocr_line' id='line_1_10' title="bbox 471 1368 2817 1449; baseline -0.001 -17"><span class='ocrx_word' id='word_1_71' title='bbox 471 1373 683 1434; x_wconf 89' lang='lat' dir='ltr'>nidem</span> <span class='ocrx_word' id='word_1_72' title='bbox 707 1370 972 1442; x_wconf 84' lang='lat' dir='ltr'>excedit,</span> <span class='ocrx_word' id='word_1_73' title='bbox 1005 1369 1105 1430; x_wconf 88' lang='lat' dir='ltr'>vel</span> <span class='ocrx_word' id='word_1_74' title='bbox 1135 1369 1340 1444; x_wconf 77' lang='lat' dir='ltr'>uniuS,</span> <span class='ocrx_word' id='word_1_75' title='bbox 1363 1370 1463 1430; x_wconf 90' lang='lat' dir='ltr'>vel</span> <span class='ocrx_word' id='word_1_76' title='bbox 1485 1368 1855 1430; x_wconf 89' lang='lat' dir='ltr'>multorum.</span> <span class='ocrx_word' id='word_1_77' title='bbox 1890 1369 2334 1447; x_wconf 81' lang='lat' dir='ltr'>Improbandae</span> <span class='ocrx_word' id='word_1_78' title='bbox 2365 1375 2426 1429; x_wconf 89' lang='lat' dir='ltr'>et</span> <span class='ocrx_word' id='word_1_79' title='bbox 2447 1374 2817 1449; x_wconf 87' lang='lat' dir='ltr'>contemptu</span> 
     </span>
     <span class='ocr_line' id='line_1_11' title="bbox 469 1465 2813 1548; baseline -0.001 -18"><span class='ocrx_word' id='word_1_80' title='bbox 469 1468 863 1548; x_wconf 86' lang='lat' dir='ltr'>exagitandae</span> <span class='ocrx_word' id='word_1_81' title='bbox 912 1473 1058 1527; x_wconf 88' lang='lat' dir='ltr'>sunt</span> <span class='ocrx_word' id='word_1_82' title='bbox 1104 1467 1410 1527; x_wconf 83' lang='lat' dir='ltr'>doctrinae</span> <span class='ocrx_word' id='word_1_83' title='bbox 1459 1467 1595 1528; x_wconf 85' lang='lat' dir='ltr'>istae</span> <span class='ocrx_word' id='word_1_84' title='bbox 1654 1485 1733 1527; x_wconf 87' lang='lat' dir='ltr'>ex</span> <span class='ocrx_word' id='word_1_85' title='bbox 1779 1465 1903 1527; x_wconf 89' lang='lat' dir='ltr'>illis</span> <span class='ocrx_word' id='word_1_86' title='bbox 1941 1466 2299 1527; x_wconf 81' lang='lat' dir='ltr'>civitatibus</span> <span class='ocrx_word' id='word_1_87' title='bbox 2343 1465 2577 1527; x_wconf 85' lang='lat' dir='ltr'>Italicis</span> <span class='ocrx_word' id='word_1_88' title='bbox 2631 1473 2813 1546; x_wconf 83' lang='lat' dir='ltr'>ortae,</span> 
     </span>
     <span class='ocr_line' id='line_1_12' title="bbox 468 1562 2815 1646; baseline 0 -21"><span class='ocrx_word' id='word_1_89' title='bbox 468 1565 574 1626; x_wconf 91' lang='lat' dir='ltr'>ubi</span> <span class='ocrx_word' id='word_1_90' title='bbox 608 1565 787 1646; x_wconf 87' lang='lat' dir='ltr'>quasi</span> <span class='ocrx_word' id='word_1_91' title='bbox 825 1564 1103 1625; x_wconf 81' lang='lat' dir='ltr'>effloruit</span> <span class='ocrx_word' id='word_1_92' title='bbox 1139 1563 1402 1643; x_wconf 86' lang='lat' dir='ltr'>perfidia</span> <span class='ocrx_word' id='word_1_93' title='bbox 1446 1569 1507 1624; x_wconf 88' lang='lat' dir='ltr'>et</span> <span class='ocrx_word' id='word_1_94' title='bbox 1555 1562 1819 1638; x_wconf 84' lang='lat' dir='ltr'>saevitia,</span> <span class='ocrx_word' id='word_1_95' title='bbox 1869 1563 2263 1624; x_wconf 90' lang='lat' dir='ltr'>Machiavelli</span> <span class='ocrx_word' id='word_1_96' title='bbox 2310 1569 2517 1637; x_wconf 80' lang='lat' dir='ltr'>aetate,</span> <span class='ocrx_word' id='word_1_97' title='bbox 2561 1569 2623 1625; x_wconf 89' lang='lat' dir='ltr'>et</span> <span class='ocrx_word' id='word_1_98' title='bbox 2670 1583 2815 1644; x_wconf 87' lang='lat' dir='ltr'>quae</span> 
     </span>
     <span class='ocr_line' id='line_1_13' title="bbox 466 1659 2567 1750; baseline -0 -27"><span class='ocrx_word' id='word_1_99' title='bbox 466 1669 848 1743; x_wconf 89' lang='lat' dir='ltr'>pepererunt</span> <span class='ocrx_word' id='word_1_100' title='bbox 876 1663 1154 1722; x_wconf 86' lang='lat' dir='ltr'>famosos</span> <span class='ocrx_word' id='word_1_101' title='bbox 1181 1661 1333 1722; x_wconf 89' lang='lat' dir='ltr'>istos</span> <span class='ocrx_word' id='word_1_102' title='bbox 1363 1662 1631 1736; x_wconf 76' lang='lat' dir='ltr'>SforzaS,</span> <span class='ocrx_word' id='word_1_103' title='bbox 1664 1661 1923 1739; x_wconf 86' lang='lat' dir='ltr'>Borgias</span> <span class='ocrx_word' id='word_1_104' title='bbox 1948 1666 2013 1721; x_wconf 88' lang='lat' dir='ltr'>et</span> <span class='ocrx_word' id='word_1_105' title='bbox 2038 1659 2365 1750; x_wconf 80' lang='lat' dir='ltr'>MediceoS.</span> <span class='ocrx_word' id='word_1_106' title='bbox 2564 1675 2567 1678; x_wconf 83' lang='grc'><strong><em>’</em></strong></span> 
     </span>
    </p>
   </div>
   <div class='ocr_carea' id='block_1_3' title="bbox 545 1757 2914 1822">
    <p class='ocr_par' dir='ltr' id='par_1_4' title="bbox 545 1757 2914 1822">
     <span class='ocr_line' id='line_1_14' title="bbox 545 1757 2914 1822; baseline -0 -1"><span class='ocrx_word' id='word_1_107' title='bbox 545 1763 633 1821; x_wconf 93' lang='lat' dir='ltr'>Ne</span> <span class='ocrx_word' id='word_1_108' title='bbox 662 1767 875 1821; x_wconf 87' lang='lat' dir='ltr'>tamen</span> <span class='ocrx_word' id='word_1_109' title='bbox 904 1765 1386 1822; x_wconf 85' lang='lat' dir='ltr'>contemnamus</span> <span class='ocrx_word' id='word_1_110' title='bbox 1425 1759 1816 1820; x_wconf 90' lang='lat' dir='ltr'>Machiavelli</span> <span class='ocrx_word' id='word_1_111' title='bbox 1856 1759 2035 1819; x_wconf 90' lang='lat' dir='ltr'>dotes</span> <span class='ocrx_word' id='word_1_112' title='bbox 2069 1763 2131 1820; x_wconf 90' lang='lat' dir='ltr'>et</span> <span class='ocrx_word' id='word_1_113' title='bbox 2172 1759 2399 1819; x_wconf 87' lang='lat' dir='ltr'>merita</span> <span class='ocrx_word' id='word_1_114' title='bbox 2435 1761 2809 1820; x_wconf 85' lang='lat' dir='ltr'>cavendum.</span> <span class='ocrx_word' id='word_1_115' title='bbox 2893 1757 2914 1765; x_wconf 46' lang='lat'><em>³</em></span> 
     </span>
    </p>
   </div>
   <div class='ocr_carea' id='block_1_4' title="bbox 459 1855 2817 2911">
    <p class='ocr_par' dir='ltr' id='par_1_5' title="bbox 459 1855 2817 2911">
     <span class='ocr_line' id='line_1_15' title="bbox 466 1855 2815 1937; baseline 0 -19"><span class='ocrx_word' id='word_1_116' title='bbox 466 1855 623 1919; x_wconf 91' lang='lat' dir='ltr'>Mira</span> <span class='ocrx_word' id='word_1_117' title='bbox 652 1857 715 1918; x_wconf 90' lang='lat' dir='ltr'>in</span> <span class='ocrx_word' id='word_1_118' title='bbox 745 1858 854 1918; x_wconf 93' lang='lat' dir='ltr'>illo</span> <span class='ocrx_word' id='word_1_119' title='bbox 886 1864 978 1918; x_wconf 88' lang='lat' dir='ltr'>est</span> <span class='ocrx_word' id='word_1_120' title='bbox 1019 1857 1278 1918; x_wconf 80' lang='lat' dir='ltr'>solertia</span> <span class='ocrx_word' id='word_1_121' title='bbox 1318 1863 1380 1918; x_wconf 91' lang='lat' dir='ltr'>et</span> <span class='ocrx_word' id='word_1_122' title='bbox 1415 1857 1801 1937; x_wconf 84' lang='lat' dir='ltr'>experientia</span> <span class='ocrx_word' id='word_1_123' title='bbox 1844 1875 2079 1924; x_wconf 80' lang='lat' dir='ltr'>rerum,</span> <span class='ocrx_word' id='word_1_124' title='bbox 2122 1856 2350 1935; x_wconf 88' lang='lat' dir='ltr'>quibus</span> <span class='ocrx_word' id='word_1_125' title='bbox 2394 1857 2815 1919; x_wconf 90' lang='lat' dir='ltr'>clarissimum</span> 
     </span>
     <span class='ocr_line' id='line_1_16' title="bbox 465 1954 2815 2036; baseline 0.001 -21"><span class='ocrx_word' id='word_1_126' title='bbox 465 1955 677 2017; x_wconf 88' lang='lat' dir='ltr'>lumen</span> <span class='ocrx_word' id='word_1_127' title='bbox 704 1955 960 2036; x_wconf 66' lang='lat' dir='ltr'>praefert</span> <span class='ocrx_word' id='word_1_128' title='bbox 990 1955 1254 2015; x_wconf 87' lang='lat' dir='ltr'>rationis</span> <span class='ocrx_word' id='word_1_129' title='bbox 1284 1973 1399 2014; x_wconf 88' lang='lat' dir='ltr'>usu</span> <span class='ocrx_word' id='word_1_130' title='bbox 1430 1955 1692 2017; x_wconf 78' lang='lat' dir='ltr'>edoctae.</span> <span class='ocrx_word' id='word_1_131' title='bbox 1728 1954 2091 2016; x_wconf 84' lang='lat' dir='ltr'>Incredibili</span> <span class='ocrx_word' id='word_1_132' title='bbox 2118 1955 2461 2033; x_wconf 88' lang='lat' dir='ltr'>sagacitate</span> <span class='ocrx_word' id='word_1_133' title='bbox 2499 1963 2815 2017; x_wconf 86' lang='lat' dir='ltr'>scrutatus</span> 
     </span>
     <span class='ocr_line' id='line_1_17' title="bbox 466 2051 2812 2132; baseline 0 -19"><span class='ocrx_word' id='word_1_134' title='bbox 466 2057 645 2114; x_wconf 86' lang='lat' dir='ltr'>estet</span> <span class='ocrx_word' id='word_1_135' title='bbox 670 2053 918 2132; x_wconf 87' lang='lat' dir='ltr'>penitus</span> <span class='ocrx_word' id='word_1_136' title='bbox 960 2051 1364 2129; x_wconf 73' lang='lat' dir='ltr'>investigavit</span> <span class='ocrx_word' id='word_1_137' title='bbox 1394 2051 1704 2132; x_wconf 88' lang='lat' dir='ltr'>quidquid</span> <span class='ocrx_word' id='word_1_138' title='bbox 1744 2052 1825 2112; x_wconf 93' lang='lat' dir='ltr'>ad</span> <span class='ocrx_word' id='word_1_139' title='bbox 1862 2059 2062 2112; x_wconf 88' lang='lat' dir='ltr'>artem</span> <span class='ocrx_word' id='word_1_140' title='bbox 2094 2051 2571 2126; x_wconf 85' lang='lat' dir='ltr'>tractandorum</span> <span class='ocrx_word' id='word_1_141' title='bbox 2606 2053 2812 2115; x_wconf 89' lang='lat' dir='ltr'>homi-</span> 
     </span>
     <span class='ocr_line' id='line_1_18' title="bbox 464 2148 2812 2230; baseline 0 -21"><span class='ocrx_word' id='word_1_142' title='bbox 464 2168 615 2210; x_wconf 92' lang='lat' dir='ltr'>num</span> <span class='ocrx_word' id='word_1_143' title='bbox 649 2150 938 2229; x_wconf 87' lang='lat' dir='ltr'>pertinet.</span> <span class='ocrx_word' id='word_1_144' title='bbox 970 2150 1204 2210; x_wconf 85' lang='lat' dir='ltr'>Omnes</span> <span class='ocrx_word' id='word_1_145' title='bbox 1227 2149 1678 2211; x_wconf 85' lang='lat' dir='ltr'>novitaffectus</span> <span class='ocrx_word' id='word_1_146' title='bbox 1700 2155 1762 2210; x_wconf 88' lang='lat' dir='ltr'>ct</span> <span class='ocrx_word' id='word_1_147' title='bbox 1791 2148 2047 2210; x_wconf 88' lang='lat' dir='ltr'>intimas</span> <span class='ocrx_word' id='word_1_148' title='bbox 2064 2156 2307 2210; x_wconf 88' lang='lat' dir='ltr'>mentes</span> <span class='ocrx_word' id='word_1_149' title='bbox 2336 2149 2609 2210; x_wconf 85' lang='lat' dir='ltr'>excussit</span> <span class='ocrx_word' id='word_1_150' title='bbox 2639 2151 2812 2230; x_wconf 90' lang='lat' dir='ltr'>prin-</span> 
     </span>
     <span class='ocr_line' id='line_1_19' title="bbox 462 2246 2813 2327; baseline 0 -19"><span class='ocrx_word' id='word_1_151' title='bbox 462 2247 673 2327; x_wconf 90' lang='lat' dir='ltr'>cipum</span> <span class='ocrx_word' id='word_1_152' title='bbox 726 2252 788 2307; x_wconf 86' lang='lat' dir='ltr'>et</span> <span class='ocrx_word' id='word_1_153' title='bbox 834 2247 1241 2326; x_wconf 89' lang='lat' dir='ltr'>populorum,</span> <span class='ocrx_word' id='word_1_154' title='bbox 1303 2247 1411 2327; x_wconf 91' lang='lat' dir='ltr'>qui</span> <span class='ocrx_word' id='word_1_155' title='bbox 1468 2265 1729 2326; x_wconf 89' lang='lat' dir='ltr'>operam</span> <span class='ocrx_word' id='word_1_156' title='bbox 1783 2252 1847 2306; x_wconf 86' lang='lat' dir='ltr'>et</span> <span class='ocrx_word' id='word_1_157' title='bbox 1894 2246 2103 2308; x_wconf 84' lang='lat' dir='ltr'>officia</span> <span class='ocrx_word' id='word_1_158' title='bbox 2157 2247 2523 2327; x_wconf 73' lang='lat' dir='ltr'>praestiterit</span> <span class='ocrx_word' id='word_1_159' title='bbox 2574 2247 2813 2308; x_wconf 89' lang='lat' dir='ltr'>civitati</span> 
     </span>
     <span class='ocr_line' id='line_1_20' title="bbox 463 2343 2815 2424; baseline 0.001 -20"><span class='ocrx_word' id='word_1_160' title='bbox 463 2345 675 2406; x_wconf 87' lang='lat' dir='ltr'>liberae</span> <span class='ocrx_word' id='word_1_161' title='bbox 717 2351 783 2405; x_wconf 87' lang='lat' dir='ltr'>et</span> <span class='ocrx_word' id='word_1_162' title='bbox 832 2364 976 2405; x_wconf 88' lang='lat' dir='ltr'>cum</span> <span class='ocrx_word' id='word_1_163' title='bbox 1016 2345 1267 2424; x_wconf 89' lang='lat' dir='ltr'>regibus</span> <span class='ocrx_word' id='word_1_164' title='bbox 1310 2345 1563 2423; x_wconf 90' lang='lat' dir='ltr'>negotia</span> <span class='ocrx_word' id='word_1_165' title='bbox 1599 2343 1851 2424; x_wconf 90' lang='lat' dir='ltr'>publica</span> <span class='ocrx_word' id='word_1_166' title='bbox 1882 2344 2335 2424; x_wconf 82' lang='lat' dir='ltr'>procuraverit.</span> <span class='ocrx_word' id='word_1_167' title='bbox 2370 2347 2421 2404; x_wconf 83' lang='lat' dir='ltr'><strong>A</strong></span> <span class='ocrx_word' id='word_1_168' title='bbox 2469 2347 2815 2424; x_wconf 86' lang='lat' dir='ltr'>perspectis</span> 
     </span>
     <span class='ocr_line' id='line_1_21' title="bbox 463 2442 2817 2522; baseline 0 -19"><span class='ocrx_word' id='word_1_169' title='bbox 463 2445 892 2503; x_wconf 88' lang='lat' dir='ltr'>Romanorum</span> <span class='ocrx_word' id='word_1_170' title='bbox 954 2443 1140 2504; x_wconf 89' lang='lat' dir='ltr'>rebus</span> <span class='ocrx_word' id='word_1_171' title='bbox 1197 2449 1422 2504; x_wconf 89' lang='lat' dir='ltr'>nactus</span> <span class='ocrx_word' id='word_1_172' title='bbox 1479 2443 1907 2514; x_wconf 89' lang='lat' dir='ltr'>occasionem,</span> <span class='ocrx_word' id='word_1_173' title='bbox 1981 2442 2289 2521; x_wconf 88' lang='lat' dir='ltr'>quidquid</span> <span class='ocrx_word' id='word_1_174' title='bbox 2355 2442 2489 2522; x_wconf 89' lang='lat' dir='ltr'>ipse</span> <span class='ocrx_word' id='word_1_175' title='bbox 2549 2443 2817 2504; x_wconf 86' lang='lat' dir='ltr'>senserit</span> 
     </span>
     <span class='ocr_line' id='line_1_22' title="bbox 459 2539 2813 2621; baseline 0.001 -21"><span class='ocrx_word' id='word_1_176' title='bbox 459 2539 724 2601; x_wconf 91' lang='lat' dir='ltr'>memori</span> <span class='ocrx_word' id='word_1_177' title='bbox 773 2540 984 2602; x_wconf 89' lang='lat' dir='ltr'>animo</span> <span class='ocrx_word' id='word_1_178' title='bbox 1025 2539 1288 2602; x_wconf 88' lang='lat' dir='ltr'>tenet&#39;et</span> <span class='ocrx_word' id='word_1_179' title='bbox 1327 2540 1407 2602; x_wconf 90' lang='lat' dir='ltr'>ab</span> <span class='ocrx_word' id='word_1_180' title='bbox 1441 2539 1668 2602; x_wconf 83' lang='lat' dir='ltr'>intima</span> <span class='ocrx_word' id='word_1_181' title='bbox 1714 2547 1925 2601; x_wconf 88' lang='lat' dir='ltr'>mente</span> <span class='ocrx_word' id='word_1_182' title='bbox 1965 2541 2302 2621; x_wconf 86' lang='lat' dir='ltr'>expromit,</span> <span class='ocrx_word' id='word_1_183' title='bbox 2352 2559 2494 2621; x_wconf 82' lang='lat' dir='ltr'>quae</span> <span class='ocrx_word' id='word_1_184' title='bbox 2548 2539 2813 2603; x_wconf 72' lang='lat' dir='ltr'>diversae</span> 
     </span>
     <span class='ocr_line' id='line_1_23' title="bbox 459 2637 2813 2714; baseline 0.002 -18"><span class='ocrx_word' id='word_1_185' title='bbox 459 2638 735 2699; x_wconf 88' lang='lat' dir='ltr'>rationes</span> <span class='ocrx_word' id='word_1_186' title='bbox 779 2638 1156 2699; x_wconf 84' lang='lat' dir='ltr'>adhibendae</span> <span class='ocrx_word' id='word_1_187' title='bbox 1207 2638 1426 2699; x_wconf 90' lang='lat' dir='ltr'>sintin</span> <span class='ocrx_word' id='word_1_188' title='bbox 1463 2638 1639 2699; x_wconf 90' lang='lat' dir='ltr'>vario</span> <span class='ocrx_word' id='word_1_189' title='bbox 1672 2657 1881 2701; x_wconf 90' lang='lat' dir='ltr'>rerum</span> <span class='ocrx_word' id='word_1_190' title='bbox 1914 2637 2297 2714; x_wconf 86' lang='lat' dir='ltr'>discrimine,</span> <span class='ocrx_word' id='word_1_191' title='bbox 2347 2645 2409 2699; x_wconf 90' lang='lat' dir='ltr'>et</span> <span class='ocrx_word' id='word_1_192' title='bbox 2445 2639 2509 2698; x_wconf 90' lang='lat' dir='ltr'>in</span> <span class='ocrx_word' id='word_1_193' title='bbox 2559 2639 2813 2700; x_wconf 89' lang='lat' dir='ltr'>investi-</span> 
     </span>
     <span class='ocr_line' id='line_1_24' title="bbox 461 2736 2684 2817; baseline 0.001 -22"><span class='ocrx_word' id='word_1_194' title='bbox 461 2736 668 2814; x_wconf 88' lang='lat' dir='ltr'>gando</span> <span class='ocrx_word' id='word_1_195' title='bbox 699 2754 986 2814; x_wconf 84' lang='lat' dir='ltr'>sagacem</span> <span class='ocrx_word' id='word_1_196' title='bbox 1017 2755 1081 2797; x_wconf 92' lang='lat' dir='ltr'>se</span> <span class='ocrx_word' id='word_1_197' title='bbox 1112 2741 1173 2797; x_wconf 90' lang='lat' dir='ltr'>et</span> <span class='ocrx_word' id='word_1_198' title='bbox 1205 2742 1458 2797; x_wconf 88' lang='lat' dir='ltr'>acutum</span> <span class='ocrx_word' id='word_1_199' title='bbox 1489 2743 1552 2797; x_wconf 90' lang='lat' dir='ltr'>et</span> <span class='ocrx_word' id='word_1_200' title='bbox 1583 2755 1916 2798; x_wconf 86' lang='lat' dir='ltr'>nervosum</span> <span class='ocrx_word' id='word_1_201' title='bbox 1952 2742 2017 2797; x_wconf 88' lang='lat' dir='ltr'>ut</span> <span class='ocrx_word' id='word_1_202' title='bbox 2051 2737 2161 2817; x_wconf 88' lang='lat' dir='ltr'>qui</span> <span class='ocrx_word' id='word_1_203' title='bbox 2198 2736 2473 2797; x_wconf 87' lang='lat' dir='ltr'>maxime</span> <span class='ocrx_word' id='word_1_204' title='bbox 2503 2737 2684 2815; x_wconf 87' lang='lat' dir='ltr'>gerit.</span> 
     </span>
     <span class='ocr_line' id='line_1_25' title="bbox 537 2814 2809 2911; baseline 0.001 -19"><span class='ocrx_word' id='word_1_205' title='bbox 537 2814 833 2895; x_wconf 57' lang='lat' dir='ltr'>Pei-flectis</span> <span class='ocrx_word' id='word_1_206' title='bbox 879 2833 1072 2911; x_wconf 89' lang='lat' dir='ltr'>igitur</span> <span class='ocrx_word' id='word_1_207' title='bbox 1119 2832 1512 2894; x_wconf 86' lang='lat' dir='ltr'>Machiavelli</span> <span class='ocrx_word' id='word_1_208' title='bbox 1560 2833 1759 2907; x_wconf 82' lang='lat' dir='ltr'>libris,</span> <span class='ocrx_word' id='word_1_209' title='bbox 1812 2834 2049 2894; x_wconf 90' lang='lat' dir='ltr'>nemini</span> <span class='ocrx_word' id='word_1_210' title='bbox 2105 2832 2376 2894; x_wconf 90' lang='lat' dir='ltr'>mirandi</span> <span class='ocrx_word' id='word_1_211' title='bbox 2431 2833 2610 2895; x_wconf 90' lang='lat' dir='ltr'>locus</span> <span class='ocrx_word' id='word_1_212' title='bbox 2666 2836 2809 2909; x_wconf 88' lang='lat' dir='ltr'>erit,</span> 
     </span>
    </p>
   </div>
   <div class='ocr_carea' id='block_1_5' title="bbox 351 2929 2813 3009">
    <p class='ocr_par' dir='ltr' id='par_1_6' title="bbox 351 2929 2813 3009">
     <span class='ocr_line' id='line_1_26' title="bbox 351 2929 2813 3009; baseline 0.001 -19"><span class='ocrx_word' id='word_1_213' title='bbox 351 2948 358 2955; x_wconf 89' lang='lat'><em>·</em></span> <span class='ocrx_word' id='word_1_214' title='bbox 461 2929 630 3009; x_wconf 89' lang='lat' dir='ltr'>quod</span> <span class='ocrx_word' id='word_1_215' title='bbox 665 2949 875 2991; x_wconf 91' lang='lat' dir='ltr'>rerum</span> <span class='ocrx_word' id='word_1_216' title='bbox 927 2932 1354 2991; x_wconf 88' lang='lat' dir='ltr'>humanarum</span> <span class='ocrx_word' id='word_1_217' title='bbox 1399 2930 1620 2992; x_wconf 86' lang='lat' dir='ltr'>arbitri</span> <span class='ocrx_word' id='word_1_218' title='bbox 1669 2932 1913 2993; x_wconf 90' lang='lat' dir='ltr'>decimo</span> <span class='ocrx_word' id='word_1_219' title='bbox 1958 2937 2135 2991; x_wconf 88' lang='lat' dir='ltr'>sexto</span> <span class='ocrx_word' id='word_1_220' title='bbox 2188 2929 2397 2993; x_wconf 86' lang='lat' dir='ltr'>seculo</span> <span class='ocrx_word' id='word_1_221' title='bbox 2453 2950 2597 2992; x_wconf 88' lang='lat' dir='ltr'>eum</span> <span class='ocrx_word' id='word_1_222' title='bbox 2653 2932 2813 2992; x_wconf 86' lang='lat' dir='ltr'>tanti</span> 
     </span>
    </p>
   </div>
   <div class='ocr_carea' id='block_1_6' title="bbox 457 3027 2815 3499">
    <p class='ocr_par' dir='ltr' id='par_1_7' title="bbox 457 3027 2815 3499">
     <span class='ocr_line' id='line_1_27' title="bbox 459 3027 2812 3108; baseline 0 -20"><span class='ocrx_word' id='word_1_223' title='bbox 459 3027 741 3101; x_wconf 86' lang='lat' dir='ltr'>fecerint,</span> <span class='ocrx_word' id='word_1_224' title='bbox 781 3034 843 3088; x_wconf 90' lang='lat' dir='ltr'>et</span> <span class='ocrx_word' id='word_1_225' title='bbox 879 3028 1134 3106; x_wconf 89' lang='lat' dir='ltr'>quidem</span> <span class='ocrx_word' id='word_1_226' title='bbox 1175 3029 1596 3107; x_wconf 87' lang='lat' dir='ltr'>potentissimi</span> <span class='ocrx_word' id='word_1_227' title='bbox 1644 3029 1807 3089; x_wconf 90' lang='lat' dir='ltr'>inter</span> <span class='ocrx_word' id='word_1_228' title='bbox 1846 3048 2004 3108; x_wconf 89' lang='lat' dir='ltr'>quos</span> <span class='ocrx_word' id='word_1_229' title='bbox 2038 3029 2363 3103; x_wconf 89' lang='lat' dir='ltr'>Henricus‚</span> <span class='ocrx_word' id='word_1_230' title='bbox 2399 3029 2621 3089; x_wconf 88' lang='lat' dir='ltr'>tertius</span> <span class='ocrx_word' id='word_1_231' title='bbox 2663 3029 2812 3090; x_wconf 88' lang='lat' dir='ltr'>Gal-</span> 
     </span>
     <span class='ocr_line' id='line_1_28' title="bbox 459 3124 2815 3208; baseline 0.002 -25"><span class='ocrx_word' id='word_1_232' title='bbox 459 3124 667 3185; x_wconf 88' lang='lat' dir='ltr'>lorum</span> <span class='ocrx_word' id='word_1_233' title='bbox 692 3142 824 3198; x_wconf 89' lang='lat' dir='ltr'>rex,</span> <span class='ocrx_word' id='word_1_234' title='bbox 860 3124 1024 3185; x_wconf 86' lang='lat' dir='ltr'>filius</span> <span class='ocrx_word' id='word_1_235' title='bbox 1046 3125 1406 3187; x_wconf 87' lang='lat' dir='ltr'>Catharinae</span> <span class='ocrx_word' id='word_1_236' title='bbox 1429 3126 1717 3188; x_wconf 85' lang='lat' dir='ltr'>Mediceae</span> <span class='ocrx_word' id='word_1_237' title='bbox 1743 3126 2147 3198; x_wconf 85' lang='lat' dir='ltr'>Florentinae,</span> <span class='ocrx_word' id='word_1_238' title='bbox 2176 3126 2285 3206; x_wconf 88' lang='lat' dir='ltr'>qui</span> <span class='ocrx_word' id='word_1_239' title='bbox 2314 3145 2523 3188; x_wconf 89' lang='lat' dir='ltr'>secum</span> <span class='ocrx_word' id='word_1_240' title='bbox 2562 3145 2815 3208; x_wconf 89' lang='lat' dir='ltr'>semper</span> 
     </span>
     <span class='ocr_line' id='line_1_29' title="bbox 459 3219 2809 3304; baseline 0.002 -23"><span class='ocrx_word' id='word_1_241' title='bbox 459 3222 594 3303; x_wconf 89' lang='lat' dir='ltr'>ejus</span> <span class='ocrx_word' id='word_1_242' title='bbox 614 3219 808 3282; x_wconf 89' lang='lat' dir='ltr'>libros</span> <span class='ocrx_word' id='word_1_243' title='bbox 838 3222 1116 3298; x_wconf 85' lang='lat' dir='ltr'>gerebat.</span> <span class='ocrx_word' id='word_1_244' title='bbox 1147 3223 1296 3283; x_wconf 89' lang='lat' dir='ltr'>Inde</span> <span class='ocrx_word' id='word_1_245' title='bbox 1328 3222 1709 3289; x_wconf 84' lang='lat' dir='ltr'>hauriebant</span> <span class='ocrx_word' id='word_1_246' title='bbox 1733 3223 1902 3304; x_wconf 91' lang='lat' dir='ltr'>quod</span> <span class='ocrx_word' id='word_1_247' title='bbox 1927 3224 2201 3285; x_wconf 86' lang='lat' dir='ltr'>maxime</span> <span class='ocrx_word' id='word_1_248' title='bbox 2232 3224 2645 3303; x_wconf 87' lang='lat' dir='ltr'>exoptabant,</span> <span class='ocrx_word' id='word_1_249' title='bbox 2679 3244 2809 3287; x_wconf 91' lang='lat' dir='ltr'>non</span> 
     </span>
     <span class='ocr_line' id='line_1_30' title="bbox 457 3318 2813 3401; baseline 0.002 -22"><span class='ocrx_word' id='word_1_250' title='bbox 457 3318 535 3379; x_wconf 90' lang='lat' dir='ltr'>de</span> <span class='ocrx_word' id='word_1_251' title='bbox 570 3319 892 3399; x_wconf 88' lang='lat' dir='ltr'>principiis</span> <span class='ocrx_word' id='word_1_252' title='bbox 921 3338 1152 3380; x_wconf 88' lang='lat' dir='ltr'>vacuas</span> <span class='ocrx_word' id='word_1_253' title='bbox 1189 3320 1696 3400; x_wconf 88' lang='lat' dir='ltr'>disceptationes,</span> <span class='ocrx_word' id='word_1_254' title='bbox 1728 3322 1835 3382; x_wconf 88' lang='lat' dir='ltr'>sed</span> <span class='ocrx_word' id='word_1_255' title='bbox 1885 3340 2142 3382; x_wconf 90' lang='lat' dir='ltr'>normas</span> <span class='ocrx_word' id='word_1_256' title='bbox 2176 3328 2239 3383; x_wconf 90' lang='lat' dir='ltr'>et</span> <span class='ocrx_word' id='word_1_257' title='bbox 2274 3321 2501 3401; x_wconf 88' lang='lat' dir='ltr'>agendi</span> <span class='ocrx_word' id='word_1_258' title='bbox 2536 3323 2813 3383; x_wconf 88' lang='lat' dir='ltr'>rationes</span> 
     </span>
     <span class='ocr_line' id='line_1_31' title="bbox 457 3416 2810 3499; baseline 0.002 -22"><span class='ocrx_word' id='word_1_259' title='bbox 457 3421 522 3478; x_wconf 89' lang='lat' dir='ltr'>et</span> <span class='ocrx_word' id='word_1_260' title='bbox 557 3416 634 3477; x_wconf 90' lang='lat' dir='ltr'>de</span> <span class='ocrx_word' id='word_1_261' title='bbox 678 3416 834 3477; x_wconf 88' lang='lat' dir='ltr'>actis</span> <span class='ocrx_word' id='word_1_262' title='bbox 871 3418 1350 3492; x_wconf 86' lang='lat' dir='ltr'>commentaria,</span> <span class='ocrx_word' id='word_1_263' title='bbox 1404 3424 1724 3498; x_wconf 78' lang='lat' dir='ltr'>praecepta</span> <span class='ocrx_word' id='word_1_264' title='bbox 1774 3418 2175 3498; x_wconf 89' lang='lat' dir='ltr'>monitusque</span> <span class='ocrx_word' id='word_1_265' title='bbox 2220 3419 2449 3499; x_wconf 88' lang='lat' dir='ltr'>quibus</span> <span class='ocrx_word' id='word_1_266' title='bbox 2495 3419 2810 3482; x_wconf 90' lang='lat' dir='ltr'>conditio-</span> 
     </span>
    </p>
   </div>
   <div class='ocr_carea' id='block_1_7' title="bbox 337 3508 2811 3594">
    <p class='ocr_par' dir='ltr' id='par_1_8' title="bbox 337 3508 2811 3594">
     <span class='ocr_line' id='line_1_32' title="bbox 337 3508 2811 3594; baseline 0.002 -22"><span class='ocrx_word' id='word_1_267' title='bbox 337 3508 348 3519; x_wconf 81' lang='lat'>‘</span> <span class='ocrx_word' id='word_1_268' title='bbox 457 3513 552 3573; x_wconf 89' lang='lat' dir='ltr'>nis</span> <span class='ocrx_word' id='word_1_269' title='bbox 601 3532 728 3573; x_wconf 85' lang='lat' dir='ltr'>suae</span> <span class='ocrx_word' id='word_1_270' title='bbox 779 3532 876 3573; x_wconf 90' lang='lat' dir='ltr'>res</span> <span class='ocrx_word' id='word_1_271' title='bbox 920 3514 1208 3575; x_wconf 82' lang='lat' dir='ltr'>difficiles</span> <span class='ocrx_word' id='word_1_272' title='bbox 1265 3516 1665 3594; x_wconf 89' lang='lat' dir='ltr'>expedirent.</span> <span class='ocrx_word' id='word_1_273' title='bbox 1720 3514 1851 3577; x_wconf 90' lang='lat' dir='ltr'>Illis</span> <span class='ocrx_word' id='word_1_274' title='bbox 1903 3522 2040 3577; x_wconf 89' lang='lat' dir='ltr'>erat</span> <span class='ocrx_word' id='word_1_275' title='bbox 2096 3516 2327 3577; x_wconf 90' lang='lat' dir='ltr'>summi</span> <span class='ocrx_word' id='word_1_276' title='bbox 2386 3518 2691 3578; x_wconf 88' lang='lat' dir='ltr'>momenti</span> <span class='ocrx_word' id='word_1_277' title='bbox 2748 3525 2811 3579; x_wconf 91' lang='lat' dir='ltr'>et</span> 
     </span>
    </p>
   </div>
   <div class='ocr_carea' id='block_1_8' title="bbox 453 3609 2813 4280">
    <p class='ocr_par' dir='ltr' id='par_1_9' title="bbox 453 3609 2813 4280">
     <span class='ocr_line' id='line_1_33' title="bbox 459 3609 2810 3694; baseline 0.003 -24"><span class='ocrx_word' id='word_1_278' title='bbox 459 3609 749 3670; x_wconf 56' lang='lat' dir='ltr'>maximas</span> <span class='ocrx_word' id='word_1_279' title='bbox 781 3610 859 3669; x_wconf 91' lang='lat' dir='ltr'>ad</span> <span class='ocrx_word' id='word_1_280' title='bbox 887 3630 1068 3671; x_wconf 89' lang='lat' dir='ltr'>usum</span> <span class='ocrx_word' id='word_1_281' title='bbox 1097 3618 1473 3691; x_wconf 87' lang='lat' dir='ltr'>praesentem</span> <span class='ocrx_word' id='word_1_282' title='bbox 1501 3612 1789 3675; x_wconf 84' lang='lat' dir='ltr'>utilitatis</span> <span class='ocrx_word' id='word_1_283' title='bbox 1812 3614 2118 3694; x_wconf 86' lang='lat' dir='ltr'>quidquid</span> <span class='ocrx_word' id='word_1_284' title='bbox 2139 3614 2217 3676; x_wconf 94' lang='lat' dir='ltr'>de</span> <span class='ocrx_word' id='word_1_285' title='bbox 2238 3613 2810 3694; x_wconf 87' lang='lat' dir='ltr'>conspirationibus</span> 
     </span>
     <span class='ocr_line' id='line_1_34' title="bbox 457 3706 2809 3788; baseline 0.003 -20"><span class='ocrx_word' id='word_1_286' title='bbox 457 3706 896 3787; x_wconf 90' lang='lat' dir='ltr'>explicavit,in</span> <span class='ocrx_word' id='word_1_287' title='bbox 913 3713 1090 3769; x_wconf 86' lang='lat' dir='ltr'>sexto</span> <span class='ocrx_word' id='word_1_288' title='bbox 1113 3710 1318 3788; x_wconf 86' lang='lat' dir='ltr'>capite</span> <span class='ocrx_word' id='word_1_289' title='bbox 1352 3709 1493 3770; x_wconf 91' lang='lat' dir='ltr'>libri</span> <span class='ocrx_word' id='word_1_290' title='bbox 1523 3710 1691 3771; x_wconf 85' lang='lat' dir='ltr'>tertii</span> <span class='ocrx_word' id='word_1_291' title='bbox 1712 3710 1783 3771; x_wconf 85' lang='lat' dir='ltr'>de</span> <span class='ocrx_word' id='word_1_292' title='bbox 1810 3711 1935 3772; x_wconf 77' lang='lat' dir='ltr'>Titi</span> <span class='ocrx_word' id='word_1_293' title='bbox 1954 3710 2119 3773; x_wconf 79' lang='lat' dir='ltr'>Livii</span> <span class='ocrx_word' id='word_1_294' title='bbox 2145 3709 2565 3773; x_wconf 78' lang='lat' dir='ltr'>Orationibus.</span> <span class='ocrx_word' id='word_1_295' title='bbox 2584 3712 2677 3773; x_wconf 80' lang='lat' dir='ltr'>Ex</span> <span class='ocrx_word' id='word_1_296' title='bbox 2696 3712 2809 3775; x_wconf 92' lang='lat' dir='ltr'>illo</span> 
     </span>
     <span class='ocr_line' id='line_1_35' title="bbox 456 3804 2813 3889; baseline 0.001 -23"><span class='ocrx_word' id='word_1_297' title='bbox 456 3804 736 3885; x_wconf 73' lang='lat' dir='ltr'>peri-ecto</span> <span class='ocrx_word' id='word_1_298' title='bbox 763 3810 928 3866; x_wconf 81' lang='lat' dir='ltr'>certe</span> <span class='ocrx_word' id='word_1_299' title='bbox 959 3806 1266 3887; x_wconf 87' lang='lat' dir='ltr'>majorem</span> <span class='ocrx_word' id='word_1_300' title='bbox 1301 3806 1734 3888; x_wconf 86' lang='lat' dir='ltr'>percipiebant</span> <span class='ocrx_word' id='word_1_301' title='bbox 1762 3809 2176 3889; x_wconf 87' lang='lat' dir='ltr'>voluptatem,</span> <span class='ocrx_word' id='word_1_302' title='bbox 2200 3828 2393 3889; x_wconf 88' lang='lat' dir='ltr'>quam</span> <span class='ocrx_word' id='word_1_303' title='bbox 2423 3828 2499 3870; x_wconf 87' lang='lat' dir='ltr'>ex</span> <span class='ocrx_word' id='word_1_304' title='bbox 2527 3809 2813 3889; x_wconf 88' lang='lat' dir='ltr'>pulcher·</span> 
     </span>
     <span class='ocr_line' id='line_1_36' title="bbox 454 3902 2709 3986; baseline 0.003 -25"><span class='ocrx_word' id='word_1_305' title='bbox 454 3902 631 3962; x_wconf 88' lang='lat' dir='ltr'>rimis</span> <span class='ocrx_word' id='word_1_306' title='bbox 660 3902 1249 3964; x_wconf 83' lang='lat' dir='ltr'>ratiocinationibus</span> <span class='ocrx_word' id='word_1_307' title='bbox 1279 3909 1341 3964; x_wconf 89' lang='lat' dir='ltr'>et</span> <span class='ocrx_word' id='word_1_308' title='bbox 1369 3903 1725 3966; x_wconf 86' lang='lat' dir='ltr'>elatissimis</span> <span class='ocrx_word' id='word_1_309' title='bbox 1756 3904 2284 3986; x_wconf 88' lang='lat' dir='ltr'>philosophorum</span> <span class='ocrx_word' id='word_1_310' title='bbox 2316 3906 2641 3968; x_wconf 87' lang='lat' dir='ltr'>sententiis</span> <span class='ocrx_word' id='word_1_311' title='bbox 2667 3909 2709 3968; x_wconf 88' lang='lat'>¹.</span> 
     </span>
     <span class='ocr_line' id='line_1_37' title="bbox 535 4000 2809 4084; baseline 0.003 -25"><span class='ocrx_word' id='word_1_312' title='bbox 535 4000 1046 4080; x_wconf 86' lang='lat' dir='ltr'>Conspirationes</span> <span class='ocrx_word' id='word_1_313' title='bbox 1079 4000 1530 4062; x_wconf 88' lang='lat' dir='ltr'>Machiavellus</span> <span class='ocrx_word' id='word_1_314' title='bbox 1564 4002 1646 4063; x_wconf 88' lang='lat' dir='ltr'>ob</span> <span class='ocrx_word' id='word_1_315' title='bbox 1682 4002 1951 4083; x_wconf 73' lang='lat' dir='ltr'>praevisa</span> <span class='ocrx_word' id='word_1_316' title='bbox 1992 4009 2242 4065; x_wconf 89' lang='lat' dir='ltr'>tantum</span> <span class='ocrx_word' id='word_1_317' title='bbox 2273 4022 2491 4066; x_wconf 86' lang='lat' dir='ltr'>earum</span> <span class='ocrx_word' id='word_1_318' title='bbox 2530 4004 2809 4084; x_wconf 88' lang='lat' dir='ltr'>pericula</span> 
     </span>
     <span class='ocr_line' id='line_1_38' title="bbox 453 4095 2804 4187; baseline 0.003 -32"><span class='ocrx_word' id='word_1_319' title='bbox 453 4096 796 4176; x_wconf 91' lang='lat' dir='ltr'>improbat.</span> <span class='ocrx_word' id='word_1_320' title='bbox 848 4095 1156 4159; x_wconf 90' lang='lat' dir='ltr'>Contendi</span> <span class='ocrx_word' id='word_1_321' title='bbox 1211 4099 1402 4160; x_wconf 85' lang='lat' dir='ltr'>etiarn</span> <span class='ocrx_word' id='word_1_322' title='bbox 1456 4105 1664 4187; x_wconf 88' lang='lat' dir='ltr'>potest</span> <span class='ocrx_word' id='word_1_323' title='bbox 1719 4106 2059 4180; x_wconf 88' lang='lat' dir='ltr'>postquam</span> <span class='ocrx_word' id='word_1_324' title='bbox 2118 4102 2434 4163; x_wconf 85' lang='lat' dir='ltr'>notaverit</span> <span class='ocrx_word' id='word_1_325' title='bbox 2494 4101 2804 4183; x_wconf 89' lang='lat' dir='ltr'>quidquid</span> 
     </span>
     <span class='ocr_line' id='line_1_39' title="bbox 454 4195 2804 4280; baseline 0.003 -27"><span class='ocrx_word' id='word_1_326' title='bbox 454 4199 686 4255; x_wconf 86' lang='lat' dir='ltr'>temere</span> <span class='ocrx_word' id='word_1_327' title='bbox 720 4212 758 4255; x_wconf 90' lang='lat' dir='ltr'>a</span> <span class='ocrx_word' id='word_1_328' title='bbox 787 4195 1049 4257; x_wconf 88' lang='lat' dir='ltr'>consciis</span> <span class='ocrx_word' id='word_1_329' title='bbox 1077 4196 1391 4257; x_wconf 85' lang='lat' dir='ltr'>effutitum</span> <span class='ocrx_word' id='word_1_330' title='bbox 1423 4195 1524 4269; x_wconf 89' lang='lat' dir='ltr'>sit,</span> <span class='ocrx_word' id='word_1_331' title='bbox 1565 4216 1707 4258; x_wconf 91' lang='lat' dir='ltr'>eum</span> <span class='ocrx_word' id='word_1_332' title='bbox 1747 4199 2091 4279; x_wconf 80' lang='lat' dir='ltr'>praecipere</span> <span class='ocrx_word' id='word_1_333' title='bbox 2138 4218 2269 4280; x_wconf 90' lang='lat' dir='ltr'>qua</span> <span class='ocrx_word' id='word_1_334' title='bbox 2307 4200 2551 4261; x_wconf 88' lang='lat' dir='ltr'>ratione</span> <span class='ocrx_word' id='word_1_335' title='bbox 2587 4218 2685 4262; x_wconf 89' lang='lat' dir='ltr'>res</span> <span class='ocrx_word' id='word_1_336' title='bbox 2722 4200 2804 4261; x_wconf 86' lang='lat' dir='ltr'>sit</span> 
     </span>
    </p>
   </div>
   <div class='ocr_carea' id='block_1_9' title="bbox 517 4402 1367 4468">
    <p class='ocr_par' dir='ltr' id='par_1_10' title="bbox 517 4402 1367 4468">
     <span class='ocr_line' id='line_1_40' title="bbox 517 4402 1367 4468; baseline 0.005 -17"><span class='ocrx_word' id='word_1_337' title='bbox 517 4404 561 4451; x_wconf 81' lang='lat'>1.</span> <span class='ocrx_word' id='word_1_338' title='bbox 593 4402 726 4453; x_wconf 90' lang='lat' dir='ltr'>Vide</span> <span class='ocrx_word' id='word_1_339' title='bbox 756 4404 810 4453; x_wconf 86' lang='lat' dir='ltr'>P.</span> <span class='ocrx_word' id='word_1_340' title='bbox 837 4404 1009 4466; x_wconf 86' lang='lat' dir='ltr'>Janet‚</span> <span class='ocrx_word' id='word_1_341' title='bbox 1044 4410 1080 4455; x_wconf 89' lang='lat' dir='ltr'>t.</span> <span class='ocrx_word' id='word_1_342' title='bbox 1113 4404 1178 4467; x_wconf 92' lang='lat'>11,</span> <span class='ocrx_word' id='word_1_343' title='bbox 1208 4420 1261 4468; x_wconf 89' lang='lat' dir='ltr'>p.</span> <span class='ocrx_word' id='word_1_344' title='bbox 1287 4406 1367 4455; x_wconf 75' lang='lat'>37.</span> 
     </span>
    </p>
   </div>
   <div class='ocr_carea' id='block_1_10' title="bbox 3092 4344 3096 4879">
    <p class='ocr_par' dir='ltr' id='par_1_11' title="bbox 3092 4344 3096 4879">
     <span class='ocr_line' id='line_1_41' title="bbox 3092 4344 3096 4879; baseline 0 0"><span class='ocrx_word' id='word_1_345' title='bbox 3092 4344 3096 4879; x_wconf 95' lang='lat' dir='ltr'> </span> 
     </span>
    </p>
   </div>
  </div>
 </body>
</html>
