3131 5145
974 462 1085 545 ,’
1338 468 1660 533 —87—

323 605 591 686 pessime
620 623 719 665 res
744 603 1031 684 publicas
1062 604 1570 679 administrando
1601 604 1802 666 evasit
1830 611 2157 685 tyrannus,
2195 602 2308 663 Cui
2333 603 2442 662 uni
2471 609 2674 662 atten-

316 702 411 763 dit
442 708 504 763 et
534 702 931 763 immoratur.
973 726 1001 756 «
1036 700 1148 762 Hic
1186 702 1497 762 secundus
1538 708 1850 781 tyrannus
1879 702 1932 763 si
1969 703 2034 762 in
2083 706 2282 761 totam
2335 688 2710 779 rempubli-‘

321 808 482 872 casm
520 819 647 861 non
686 800 753 859 in
794 798 1209 879 particulares
1260 805 1505 860 tantum
1557 800 1870 875 homines,
1914 797 2310 880 tyrannidem
2361 797 2672 871 exerceat,

214 954 222 963 .
320 904 391 959 dt
419 899 709 960 fecerunt
734 898 978 977 aliquot
1004 904 1069 958 et
1100 898 1369 958 Romani
1390 903 1448 958 et
1470 898 1670 959 Graeci
1699 899 2134 978 imper-morea
2160 902 2367 976 potest
2396 895 2676 973 legitime

320 998 586 1077 deponi3
616 1004 681 1057 et
718 996 1013 1076 deinceps
1042 996 1093 1055 si
1125 996 1185 1055 vi
1215 1014 1481 1074 regnum
1510 1001 1724 1057 tenere
1755 996 1927 1070 velit,
1959 1014 1998 1055 a
2027 994 2248 1074 quovis
2287 994 2534 1073 privato
2570 1012 2671 1054 oc-

319 1096 463 1157 cidi.
492 1119 521 1150 »
556 1097 858 1157 Attamen
896 1093 1233 1171 diligenter
1270 1094 1620 1154 cavendum
1665 1099 1757 1154 est
1792 1113 1870 1153 ne
1913 1100 2150 1155 temere
2181 1098 2527 1173 tyrannum
2558 1090 2672 1151 de·

320 1192 520 1253 clares
554 1198 815 1271 propter
844 1210 1037 1251 unum
1072 1191 1392 1271 quoddam
1426 1190 1747 1263 delictum,
1775 1210 2050 1269 namque
2081 1209 2208 1249 una
2241 1189 2512 1249 hirundo
2543 1207 2672 1250 non

321 1290 471 1350 facit
495 1308 626 1351 ver.
658 1288 783 1350 Sed
804 1288 854 1347 si
877 1288 1063 1368 plane
1097 1287 1499 1348 manifestum
1531 1288 1723 1349 fuerit
1745 1287 2108 1368 reipublicae
2131 1302 2432 1347 eam‘esse
2461 1286 2677 1346 volun-

317 1393 513 1448 tatem
547 1392 615 1446 ut
645 1386 790 1446 huic
822 1386 1116 1465 deinceps
1164 1404 1293 1445 non
1324 1392 1628 1465 tanquam
1661 1385 1794 1463 regi
1825 1384 2177 1463 obediatur,
2211 1384 2320 1443 sed
2349 1383 2674 1443 resistatur

320 1491 388 1545 ut
416 1490 715 1562 tyranno,
745 1483 882 1543 haec
913 1482 1274 1561 reipublicae
1308 1482 1598 1543 voluntas
1639 1482 1884 1561 privato
1916 1482 2110 1542 cuivis
2137 1487 2488 1561 perspecta,
2521 1479 2672 1543 satis

316 1580 535 1661 ampla
584 1600 727 1641 eum
774 1580 1150 1641 auctoritate
1200 1579 1453 1640 instruit
1501 1587 1570 1640 ut
1619 1586 1958 1659 tyrannum
2006 1585 2308 1657 tanquam
2356 1578 2668 1637 latronem

312 1674 657 1739 interimat.

393 1778 686 1837 Ceterum
706 1794 932 1836 norma
948 1781 1041 1835 est
1062 1775 1353 1855 quaedam
1384 1782 1447 1835 et
1473 1781 1644 1836 certa
1675 1774 1860 1851 ratic,
1886 1773 2014 1853 qua
2039 1772 2323 1833 adhibita
2343 1790 2668 1850 nunquam

310 1875 376 1935 in
412 1893 695 1936 errorem
736 1873 1041 1935 decideris
1076 1891 1091 1934 ε
1126 1872 1389 1934 ecclesia
1418 1872 1655 1934 scilicet
1694 1872 2082 1933 consulenda
2113 1878 2206 1931 est
2236 1871 2494 1949 ejusque
2525 1888 2672 1928 sen-

314 1973 514 2033 tentia
560 1972 624 2031 in
672 1991 818 2051 rege
866 1972 1197 2051 tyrannico
1242 1970 1618 2050 deponendo
1665 1970 1940 2030 maxime
1991 1967 2394 2029 attendenda.
2435 1966 2670 2027 Deinde

312 2071 587 2149 scriptor
624 2076 839 2131 noster
877 2069 998 2129 hoc
1041 2069 1237 2129 fusius
1277 2068 1576 2148 explicat,
1615 2073 1678 2129 et
1719 2073 2058 2146 tyrannum
2103 2085 2141 2125 a
2181 2065 2430 2144 privato
2470 2063 2670 2123 occidi

313 2187 497 2248 posse
540 2167 772 2248 probat
812 2186 887 2227 ex
931 2166 1339 2248 philosophia
1386 2168 1814 2230 Romanorum
1859 2170 1922 2225 et
1961 2166 2319 2225 Graecorum
2363 2167 2552 2239 atque
2591 2180 2669 2237 ex

311 2267 450 2344 loge
468 2266 747 2327 Mosaica
766 2271 1051 2326 veterum
1070 2266 1505 2337 Hebraeorum,
1528 2263 1634 2323 ubi
1657 2280 2094 2343 saepenumero
2113 2260 2346 2340 privati
2373 2259 2664 2320 homines

311 2372 619 2445 tyrannos
658 2365 1221 2436 obtruncaverunt,
1258 2370 1319 2424 et
1357 2364 1422 2422 in
1461 2362 1792 2443 praemium
1835 2359 2221 2422 fortitudinis
2247 2378 2399 2432 suae,
2431 2357 2666 2438 princi-

303 2469 529 2542 patum
566 2463 767 2542 gentis
798 2482 836 2522 a
864 2462 1101 2542 populo
1137 2462 1438 2522 traditum
1467 2466 1792 2541 ceperunt.
2181 2468 2188 2477 “

388 2562 483 2622 Ad
524 2560 646 2624 hoc
688 2561 929 2622 facinus
968 2568 1062 2622 est
1102 2559 1273 2640 quod
1324 2559 1650 2640 exemplar
1697 2558 1780 2620 ad
1825 2556 2208 2618 imitandum
2257 2561 2403 2616 ante
2453 2552 2669 2615 oculos

311 2658 537 2738 subjici
583 2665 815 2739 potest,
856 2677 983 2738 quo
1022 2659 1257 2720 scilicet
1297 2658 1594 2720 inclaruit
1636 2681 1666 2713 «
1709 2653 2259 2718 innocentissimus
2297 2662 2358 2714 et
2398 2651 2668 2732 praecla-

308 2758 593 2821 rissimus
629 2758 1013 2838 juveniS‚....
1054 2757 1131 2818 ad
1172 2775 1489 2824 summum
1542 2761 1606 2816 et
1645 2754 2004 2816 immortale
2043 2751 2260 2813 Galliae
2299 2758 2359 2812 et
2402 2752 2666 2828 Europae

308 2856 589 2918 ecclesiae
612 2855 985 2917 beneficium
1018 2875 1055 2916 a
1080 2854 1305 2935 spiritu
1326 2855 1436 2914 Dei
1457 2853 1767 2934 impulsus
1793 2859 1854 2912 et
1881 2857 2162 2912 armatus
2188 2849 2379 2911 fuit...
2405 2851 2664 2910 Famam

310 2961 370 3015 et
396 2955 709 3016 honorem
749 2953 1084 3014 defendam
1124 2958 1347 3014 contra
1389 2938 1808 3030 nequissimos
1845 2949 2178 3027 quosdam,
2211 2967 2274 3006 re
2306 2945 2666 3009 calvinistae

310 3053 405 3113 vel
428 3053 675 3130 atheOS‚
702 3052 957 3112 nomine
982 3050 1296 3131 politicOS,
1328 3050 1437 3130 qui
1466 3050 1588 3110 hoc
1613 3049 1750 3128 ejus
1776 3047 2013 3108 factum
2041 3045 2370 3106 heroicum
2393 3051 2455 3104 et
2479 3043 2664 3122 plane

260 3216 266 3223 ,
307 3151 589 3212 divinum
622 3168 879 3228 carpere
910 3157 969 3210 et
1000 3149 1387 3210 calumniare
1420 3166 1546 3208 non
1575 3150 1820 3208 cessant
1855 3169 1906 3204 ».
