3131 5145
1216 434 1626 519 '-·13-

363 589 515 650 Inde
574 596 751 669 patet
797 610 991 669 quare
1032 590 1327 652 catholici
1370 590 1708 669 scriptores
1749 588 1904 649 nihil
1945 588 2117 650 aliud
2161 608 2351 669 quam
2398 594 2647 668 protes-

285 686 557 747 tantium
613 686 933 749 doctrinas
988 693 1051 749 et
1106 688 1404 761 rationeS,
1447 688 1721 767 jamjam
1763 692 2126 748 senescente
2177 686 2424 747 decimo
2466 692 2646 747 sexto

288 782 541 855 seculo,·
579 783 951 863 explanatas
1006 785 1086 846 ad
1143 783 1612 845 inserviendum
1669 782 2120 863 cupiditatibus
2183 782 2639 845 catholicorum

288 879 689 941 deterserint.
732 883 825 943 Ex
871 900 1065 961 opere
1102 880 1421 943 Francisci
1460 881 1803 943 Hotomani
1842 881 1920 942 de
1963 899 2110 959 rege
2158 880 2450 959 eligendo
2503 881 2643 961 opi-

289 978 509 1039 niones
562 984 627 1039 et
680 979 757 1040 de
814 978 1113 1059 populari
1161 978 1305 1058 jure
1362 984 1756 1059 expromptae
1807 978 2064 1039 suntab
2122 977 2388 1039 Unionis
2437 978 2648 1039 fauto—

288 1073 485 1149 ribus,
529 1094 671 1154 quae
718 1075 934 1149 factio,
968 1095 1085 1155 pro
1130 1094 1248 1137 sua
1290 1076 1533 1154 origine
1575 1074 1946 1155 municipali
1979 1081 2042 1136 et
2075 1074 2348 1155 plebeia,
2381 1076 2447 1136 in
2487 1075 2644 1136 alias

288 1172 631 1233 sententias
658 1173 837 1235 brevi
866 1178 1337 1253 transgressum
1370 1179 1528 1248 erat,
1573 1179 1634 1233 et
1678 1178 1922 1233 tantum
1963 1173 2044 1234 ad
2089 1180 2464 1253 praesentem
2496 1172 2645 1233 bre-

288 1288 557 1350 vemque
587 1290 769 1331 usum
802 1279 1186 1351 usurpatura
1214 1271 1567 1332 necessario
1597 1269 1838 1331 alienas
1877 1269 2263 1349 disciplinas,
2304 1270 2646 1331 Hotomani

288 1365 449 1427 libro
482 1367 854 1447 adjiciendae
884 1375 1031 1430 sunt
1065 1368 1355 1431 Vindiciae
1378 1379 1596 1429 contra
1622 1378 1918 1450 tyrannos
1943 1374 2006 1429 et
2035 1368 2342 1449 quidquid
2370 1368 2447 1429 de
2467 1368 2644 1429 theo-

286 1466 526 1533 cratica
563 1472 876 1546 potestate
918 1466 1126 1527 medio
1167 1486 1305 1529 aevo
1346 1466 1650 1547 scriptum
1701 1474 1826 1538 est;
1869 1472 1932 1527 et
1959 1466 2148 1546 plane
2195 1466 2378 1527 nobis
2416 1472 2639 1527 notum

286 1561 405 1622 erit
430 1582 557 1641 quo
586 1582 665 1623 ex
689 1566 861 1625 fonte
892 1564 1217 1625 hauserint
1247 1566 1383 1645 ejus
1406 1564 1700 1625 factionis
1732 1570 2040 1625 auctores.

316 1664 325 1689 ²
364 1661 729 1722 Notandum
774 1669 867 1723 est
905 1668 1119 1724 tamen
1161 1682 1352 1723 unum
1392 1682 1549 1739 esse,
1585 1681 1712 1742 quo
1749 1661 1816 1721 in
1847 1668 2051 1735 totum
2091 1661 2446 1743 discrepent
2476 1662 2651 1723 inter

289 1776 353 1819 se
410 1765 835 1838 protestantes
882 1766 945 1821 et
998 1760 1291 1822 catholici
1353 1779 1367 1821 ε
1423 1760 1514 1821 illi
1565 1760 1730 1820 enim
1790 1778 1933 1819 cum
1989 1758 2310 1820 nobilibus
2364 1760 2642 1821 maxime

291 1874 548 1917 causam
590 1877 769 1919 suam
819 1858 1315 1933 communicant,
1368 1877 1481 1919 nec
1530 1858 1730 1918 secius
1779 1856 2076 1937 populari
2111 1858 2380 1937 imperio
2441 1859 2645 1919 muni-

291 1952 606 2034 cipalique
627 1954 907 2015 libertati
925 1956 1139 2017 fovent
1162 1962 1223 2015 et
1241 1954 1656 2016 blandiuntur
1674 1977 1688 2028 3
1714 1954 1777 2013 hi
1801 1961 2025 2015 contra
2041 1954 2268 2015 mirum
2291 1955 2359 2015 in
2385 1956 2640 2015 modum

292 2051 627 2131 popularia
648 2058 709 2113 et
737 2052 1155 2113 sacerdotalia
1182 2053 1471 2115 instituta
1498 2052 1912 2141 consociant>

368 2150 495 2209 Nec
554 2149 1044 2211 existimandum
1104 2169 1323 2211 omnes
1366 2149 1505 2210 illas
1562 2148 2060 2211 declamationes
2117 2155 2180 2209 et
2233 2148 2650 2227 impulsiones

293 2246 590 2325 utrinque
630 2252 803 2307 ortas
834 2247 897 2307 in
934 2267 1169 2308 vanum
1213 2247 1532 2308 excidisse.
1590 2248 1672 2307 Ut
1711 2247 1878 2307 enim
1910 2246 1986 2306 de
2027 2251 2298 2325 tyranno
2342 2244 2648 2307 caedendo

290 2343 781 2423 disceptationes
826 2344 1070 2406 decimo
1102 2351 1278 2405 sexto
1320 2344 1529 2405 seculo
1572 2363 1609 2404 a
1649 2342 2144 2422 protestantibus
2183 2342 2416 2404 habitae
2452 2361 2644 2404 causa

288 2442 541 2502 fuerunt
588 2460 700 2501 cur
736 2441 863 2503 dux
899 2442 1142 2503 Guisius
1189 2442 1357 2521 apud
1408 2440 1818 2501 Aurelianum
1864 2440 2054 2502 morti
2108 2440 2498 2515 occubuerit,
2553 2441 2644 2502 ita

290 2538 511 2600 eodem
554 2544 840 2619 tempore
871 2540 1174 2602 institutae
1210 2559 1246 2602 a
1276 2538 1601 2602 catholicis
1631 2539 1708 2600 dc
1748 2539 1967 2602 eadem
1999 2557 2065 2600 rc
2101 2538 2418 2601 orationes
2451 2538 2640 2600 morti

290 2637 463 2698 fuere
520 2637 989 2716 Arausionensi,
1042 2657 1229 2718 quem
1286 2637 1622 2699 Balthazar
1679 2637 1990 2699 Gerardus
2047 2637 2319 2710 sustulit,
2370 2637 2644 2698 Henrico

292 2734 491 2796 tertio·
534 2754 571 2794 a
626 2735 865 2810 Jacobo
924 2735 1240 2797 Clemente
1299 2736 1528 2810 occiso,
1580 2735 1850 2814 denique
1908 2735 2174 2796 Henrico
2233 2741 2484 2817 quart0,
2531 2735 2642 2814 qui

290 2831 460 2893 haud
515 2832 708 2892 semel
762 2853 796 2893 e
835 2833 1203 2894 sicariorum
1263 2833 1555 2894 manibus
1597 2833 1848 2913 elapsus
1899 2832 2152 2893 tandem
2207 2851 2246 2893 a
2301 2831 2644 2894 Ravallaco

288 2946 627 3010 oppressus
658 2936 771 2990 est.
1552 3010 1555 3014 Ι
1623 3011 1632 3017 ·

371 3028 615 3108 Saepius
646 3033 933 3089 notatum
974 3035 1088 3102 est,
1126 3048 1240 3090 nec
1274 3029 1526 3108 injuria,
1568 3029 1648 3090 ab
1688 3031 2013 3110 Hispania,
2053 3027 2306 3108 auspice
2343 3026 2641 3108 Philippo

288 3125 564 3187 secundo
593 3131 657 3186 et
685 3125 1079 3204 instigatore,
1112 3127 1176 3186 in
1205 3127 1733 3187 Arausionenscm
1766 3127 2152 3189 emanavisse
2194 3125 2431 3204 primas
2470 3122 2640 3204 apud

289 3222 643 3284 catholicos
675 3222 1161 3304 disceptationes
1199 3223 1277 3284 de
1304 3223 1588 3302 legitima
1631 3225 1799 3286 caede
1842 3224 2080 3305 politici
2119 3224 2445 3304 cujusdam
2489 3221 2638 3295 viri;

286 3320 349 3380 in
401 3321 773 3401 Hispaniam
827 3340 1043 3384 rursus
1094 3340 1455 3382 concessere
1510 3329 1653 3401 post
1711 3322 2134 3384 disturbatam
2194 3321 2459 3384 Unionis
2506 3321 2639 3380 fac—

288 3417 550 3492 tionem,
594 3424 657 3479 et
694 3437 809 3498 per
846 3419 1079 3481 librum
1108 3419 1408 3480 Marianae
1449 3420 1517 3478 in
1555 3419 1762 3480 lucem
1806 3418 2117 3497 prodiere.
2163 3419 2236 3478 In
2277 3419 2478 3480 Gallia
2512 3417 2640 3497 pri·

292 3533 466 3574 mum
496 3516 735 3594 regiam
766 3515 1224 3577 institutionem
1250 3516 1547 3577 conviciis
1587 3516 1875 3576 insectati
1913 3521 2058 3576 sunt
2100 3515 2395 3576 catholici
2426 3519 2488 3574 et
2519 3513 2644 3594 pri-

293 3630 461 3672 mum
506 3613 671 3691 regis
714 3613 947 3674 caedem
992 3613 1338 3692 legitimam
1380 3632 1511 3674 esse
1550 3613 1815 3694 professi
1847 3619 2016 3687 sunt,
2061 3619 2202 3692 post
2239 3611 2640 3672 Guillelmum

289 3709 689 3783 Nassovium,
722 3710 1059 3789 Belgarum
1084 3711 1309 3772 ducem
1342 3730 1380 3771 a
1418 3710 1786 3772 Balthazarc
1817 3710 2094 3772 Gerardo
2132 3711 2433 3771 occisum.
2468 3709 2640 3769 Unus
2673 3779 2678 3784 ¹

291 3822 364 3867 ex
412 3805 761 3880 catholiciS,
811 3807 989 3886 cujus
1029 3826 1261 3871 nomen
1306 3827 1339 3888 e
1372 3810 1698 3870 memoria
1741 3809 1992 3886 excidit,
2037 3808 2115 3868 de
2146 3827 2220 3868 ea
2258 3826 2324 3868 re
2353 3805 2636 3867 libellum

288 3902 516 3975 edidit,
578 3903 677 3965 cui
732 3904 1097 3966 inscribitur
1151 3905 1392 3967 Gallica
1447 3905 1668 3984 lingua
1728 3901 1916 3967 :·Les
1971 3903 2166 3966 cruels
2224 3914 2281 3964 et
2335 3901 2638 3962 horribles

288 4010 550 4061 tormens
588 4000 659 4060 de
686 4000 1027 4064 Balthazar
1058 4001 1317 4076 Ger-ard,
1346 4022 1500 4082 vray
1538 4013 1802 4084 martyr,
1842 4003 2126 4083 soufferts
2163 4020 2236 4062 en
2280 4000 2640 4062 l’eoee'cution

285 4097 356 4158 de
382 4116 451 4158 sa
472 4097 777 4179 9lorieuse
806 4108 863 4160 et
886 4099 1249 4161 memorable
1276 4110 1438 4161 mort
1464 4119 1630 4182 pour
1661 4099 1838 4159 avoir
1863 4105 1962 4160 tue
1993 4097 2340 4160 Guillaume
2369 4097 2444 4158 de
2473 4095 2638 4158 Nas-

286 4214 416 4271 sau,
445 4195 671 4277 prince
698 4195 1019 4278 d'Orenqe,
1042 4217 1297 4280 ennemy
1328 4198 1401 4259 de
1424 4216 1535 4258 son
1564 4217 1678 4280 roy
1702 4197 1858 4260 etde
1887 4195 2118 4277 l’e'qlise
2141 4195 2488 4277 catholique
2515 4197 2555 4254 ¹.

2503 4298 2558 4322 s.

349 4417 393 4464 1.
427 4412 599 4474 PariS,
632 4381 930 4477 Ducarroy,
955 4414 1094 4462 1583.
