3131 5145
1476 404 1799 469 -48-

451 551 828 608 execrantur
870 541 1278 604 falsificantes
1324 546 1385 600 et
1437 537 1887 612 defraudantes
1946 539 2253 611 monetas,
2316 536 2449 598 sive
2500 538 2825 620 principes
2898 541 2907 546 ’

455 644 602 720 sint,
641 643 770 703 sive
811 639 1062 721 privati.
1108 640 1232 699 Nec
1273 636 1355 698 ad
1388 655 1522 698 rem
1559 634 1953 717 pertinet,·si
1994 633 2257 714 quidam
2297 633 2662 697 adulatores
2700 657 2827 699 nu-

458 747 690 820 gentur
721 738 1057 819 pecuniam
1098 754 1230 797 esse
1271 733 1575 815 principis
1611 755 1624 793 :
1659 737 1795 794 non'
1832 731 1996 793 enim
2042 737 2134 792 est
2172 738 2513 811 postquam
2545 751 2826 818 expensa

459 843 626 899 est...
664 838 801 897 Non
839 834 1046 896 solum
1082 831 1338 912 publica
1378 830 1532 892 fides
1575 838 1636 892 et
1678 848 1980 891 mensura
2018 828 2440 909 abrumpitur,
2482 829 2593 890 sed
2631 832 2823 892 etiam

458 935 695 996 furtum
726 933 1153 1004 manifestum,
1181 948 1307 991 non
1341 929 1406 989 in
1441 947 1642 990 unum
1676 934 1789 988 aut
1820 928 2115 1005 alterum,
2150 926 2262 987 sed
2290 926 2357 987 in
2388 943 2609 988 omnes
2644 947 2825 989 com-

459 1031 730 1093 mittitur
785 1050 798 1091 :
859 1028 1032 1110 quod
1080 1033 1294 1088 tamen
1339 1045 1507 1106 saepe
1550 1032 1992 1105 perpetratum
2042 1031 2137 1085 est
2188 1024 2248 1084 in
2297 1022 2419 1086 hoc
2459 1043 2657 1103 regno
2693 1045 2824 1087 non

458 1130 662 1191 solum
694 1128 773 1189 ab
804 1126 1112 1197 hostibuS,
1147 1125 1256 1186 sed
1287 1124 1480 1186 etiam
1513 1143 1552 1184 a
1584 1123 1973 1184 nostratibus
1996 1122 2040 1184 ¹.
2071 1147 2100 1177 »

541 1227 831 1290 Ceterum
879 1230 1164 1284 extremo
1209 1223 1273 1282 in
1325 1223 1449 1283 line
1490 1228 1799 1283 tractatus
1844 1203 2175 1282 Molin¹5eus
2228 1218 2447 1281 definit
2500 1238 2645 1299 quae
2696 1220 2823 1282 sint

461 1350 490 1382 «
527 1342 738 1403 regem
766 1322 932 1382 inter
962 1328 1022 1383 et
1053 1327 1395 1402 tyrannum
1433 1319 1742 1398 graphica
1762 1317 2117 1380 differentia
2146 1340 2202 1395 »‚
2227 1323 2290 1378 et
2310 1317 2539 1398 quibus
2566 1317 2821 1380 dotibus

459 1421 944 1484 commendetur
973 1438 1104 1494 rex,
1141 1419 1372 1498 quibus
1403 1424 1617 1479 autem
1650 1416 1817 1478 vitiis
1853 1422 2163 1496 tyrannus
2200 1415 2613 1490 deformetur,
2646 1435 2819 1479 com-

461 1521 775 1580 memorat
802 1516 1046 1577 Erasmi
1080 1515 1435 1576 doctrinam
1469 1521 1742 1576 secutuS.

537 1615 701 1676 Illud
740 1632 888 1676 vero
930 1612 1156 1674 mirum
1203 1619 1266 1673 et
1313 1619 1492 1674 extra
1532 1611 1721 1673 tidem
1763 1612 1932 1691 quod
1979 1611 2043 1671 in
2093 1611 2369 1672 Molinaei
2406 1610 2706 1691 operibus
2742 1610 2820 1671 de

454 1711 598 1792 jure
629 1711 932 1773 canonico
971 1729 1131 1772 unus
1166 1709 1555 1791 deprehendi
1593 1709 1791 1789 possit
1830 1710 2027 1787 locuS‚
2061 1710 2127 1770 in
2166 1728 2293 1788 quo
2320 1713 2537 1789 aperte
2567 1709 2823 1789 tyranni

463 1807 666 1876 c‘aedes
704 1812 1178 1892 comprobatur.
1213 1813 1358 1871 Haec
1397 1815 1544 1871 sunt
1588 1809 1754 1870 enim
1790 1810 1986 1871 verba
2014 1829 2157 1889 quae
2200 1809 2267 1869 in
2305 1808 2825 1869 Annotatiom'bus

465 1909 546 1970 ad
577 1907 988 1970 Clementinas
1028 1906 1434 1986 reperiuntur
1470 1907 1548 1968 de
1591 1907 1875 1987 tyrannis
1910 1927 1923 1969 :
1974 1930 2007 1963 «
2048 1907 2287 1979 Quibus
2326 1925 2467 1968 cum
2507 1907 2685 1968 nulla
2718 1925 2821 1967 so-

463 2007 680 2081 cietas„
721 2005 830 2067 sed
869 2024 1096 2066 necare
1141 2004 1503 2077 honestum,
1547 2004 1787 2078 Cicero,
1831 2003 1939 2064 lib.
1976 2004 2079 2083 IV,
2109 2004 2183 2065 de
2226 2003 2485 2085 Officiis,
2514 2005 2716 2065 Lucas
2745 2003 2820 2064 de

462 2107 756 2166 Penna...
792 2103 1128 2184 oportebat
1157 2102 1278 2163 illis
1309 2101 1441 2164 sine
1472 2103 1877 2163 excusatione
1918 2102 2171 2182 quidem
2214 2101 2619 2183 supervenire
2656 2100 2818 2162 inte-

464 2201 651 2263 ritum
678 2199 1113 2262 exercentibus
1145 2199 1627 2280 tyrannidem...
1662 2201 1684 2234 ²
1712 2225 1742 2256 »

499 2281 910 2360 '‘Franciscus
948 2297 1312 2359 Pinssonius
1353 2297 1416 2356 in
1457 2296 1875 2375 explanandis
1904 2296 2191 2376 partibus
2220 2295 2342 2358 illis
2386 2296 2676 2370 miratur,
2710 2315 2820 2358 no-

460 2396 679 2475 bisque
712 2415 826 2474 par
859 2395 1110 2456 miratio
1143 2394 1450 2455 succurrit
1480 2393 1855 2472 legenfihm,
1892 2395 2063 2473 quod
2095 2393 2249 2455 talia
2280 2413 2318 2454 a
2346 2393 2639 2455 Molinaeo
2671 2413 2815 2474 pro·

462 2492 591 2552 lata
620 2493 882 2554 fuerint.
927 2517 954 2547 «
987 2492 1196 2564 Miror,
1233 2493 1440 2570 inquit
1478 2491 1863 2565 PinssoniuS,
1898 2491 2260 2553 Molinaeum
2298 2493 2365 2552 in
2398 2492 2519 2552 hac
2545 2498 2722 2565 nota,
2754 2494 2819 2552 in

463 2609 606 2651 eum
647 2610 973 2653 excessum
1005 2591 1135 2652 odii
1168 2596 1390 2651 contra
1420 2597 1727 2671 tyrannos
1762 2591 2064 2669 erupisse,
2098 2596 2166 2651 ut
2196 2589 2433 2651 diceret
2472 2609 2617 2651 cum
2648 2591 2815 2652 Cice-

463 2707 615 2751 rone
641 2708 893 2768 pagano
922 2696 984 2750 et
1007 2687 1264 2749 ethnico
1291 2694 1599 2767 tyrannos
1626 2706 1848 2750 necare
1871 2688 2231 2761 honestum,
2255 2707 2397 2768 quae
2422 2707 2546 2749 vox
2560 2687 2820 2767 indigna

463 2792 555 2846 est
585 2785 910 2847 christiani
940 2787 1222 2847 hominis
1247 2794 1309 2847 et
1341 2785 1663 2860 catholici,
1688 2794 1750 2847 et
1776 2804 1993 2864 regum
2012 2804 2229 2847 amore
2254 2786 2535 2847 maximo
2554 2785 2823 2865 flagran-

463 2883 563 2957 tis,
618 2888 686 2943 ut
723 2890 859 2944 erat
901 2883 1306 2947 Molinaeus...
1359 2907 1388 2939 ι)
1435 2883 1556 2945 Sed
1602 2882 1985 2961 negligenda
2031 2883 2213 2943 nobis
2252 2883 2397 2944 talis
2435 2883 2649 2963 opinio
2689 2902 2819 2943 esse

463 2980 712 3039 videtur
741 2982 1076 3060 singularis
1102 2986 1163 3042 et
1193 2981 1495 3054 insolens,
1519 2999 1727 3061 neque
1758 2999 1872 3061 per
1899 2999 2037 3041 eam
2070 2979 2255 3042 liceat
2277 2980 2640 3041 Molinaeum
2660 2980 2823 3041 inter

465 3076 865 3156 tyrannicidii
897 3078 1178 3138 fautores
1209 3077 1604 3159 adscribere-,⁶
1618 3109 1623 3130 ι

541 3173 812 3235 Proinde
847 3194 923 3235 ex
954 3174 1078 3235 illis
1118 3176 1417 3237 omnibus
1450 3195 1601 3236 sane
1632 3182 1808 3256 patet
1838 3175 2065 3239 decimi
2094 3176 2252 3237 sexti
2287 3173 2479 3236 seculi
2504 3175 2815 3254 juriscon-

464 3273 662 3333 sultos
697 3273 956 3333 omnino
997 3274 1343 3353 neglexisse
1376 3275 1536 3351 juris
1567 3275 1879 3337 rationem
1912 3294 1945 3335 e
1975 3274 2379 3355 philosophia
2402 3272 2814 3346 educendam,

463 3370 590 3431 sive
629 3371 712 3431 ad
749 3370 919 3448 leges
959 3390 1280 3444 romaum,
1323 3372 1450 3434 sive
1491 3372 1571 3432 ad
1616 3372 2100 3434 consuetudines
2146 3371 2591 3451 spectaverint.
2648 3374 2817 3432 Unus

459 3470 736 3530 Joannes
761 3469 1036 3530 Bodinus
1067 3469 1223 3529 illud
1250 3470 1428 3531 inivit
1456 3476 1518 3531 et
1551 3470 1996 3549 explicandam
2036 3488 2371 3549 aggressus
2405 3475 2499 3530 est
2537 3469 2819 3531 arcanio-

461 3584 591 3624 rem
624 3565 983 3644 reipublicae
1011 3567 1304 3643 gerendae
1331 3568 1660 3629 scientiam
1680 3568 1747 3627 in
1775 3567 2111 3629 notissimo
2132 3566 2205 3629 de
2226 3565 2566 3649 Republica
2586 3566 2750 3628 libro
2770 3564 2813 3625 ³.

540 3664 700 3722 Dum
739 3663 950 3738 ceteri,
984 3662 1060 3723 de
1100 3664 1330 3743 quibus
1370 3666 1760 3727 mentionem
1801 3664 2087 3740 fecimus,
2124 3663 2561 3745 jurisconsulti
2608 3683 2725 3744 pro
2753 3682 2817 3725 se

462 3758 723 3838 quisque
756 3767 816 3820 ct
847 3760 1029 3840 quasi
1061 3760 1122 3819 in
1168 3760 1408 3822 minuta
1447 3762 1659 3841 campi
1699 3770 1881 3843 parte
1924 3762 2167 3823 sulcum
2204 3761 2524 3823 ducebant
2563 3762 2815 3835 diversi,

463 3857 703 3936 primus
735 3856 1013 3918 Bodinus
1054 3856 1243 3918 latius
1286 3865 1651 3940 prospectat
1690 3866 1753 3920 et
1790 3859 1939 3920 novi
1984 3860 2225 3940 aliquid
2268 3859 2344 3921 de
2367 3860 2533 3940 juris
2562 3858 2821 3921 scientia

529 4078 572 4124 1.
617 4075 891 4126 Tractatus
931 4078 1298 4128 contractuum
1337 4080 1387 4126 et
1433 4092 1735 4136 usurarum,
1778 4078 1845 4128 de
1892 4080 2194 4129 mutatione
2244 4080 2605 4140 monetarum,
2645 4092 2820 4142 quaes-

756 4156 777 4181 0

469 4146 758 4266 ti}.1i].?be¹rl·
784 4149 995 4279 ῐὲῗῗίυε,
1027 4220 1217 4269 titulus
1244 4219 1488 4270 decimus
1515 4168 1761 4283 quintus,
1788 4221 1855 4270 de
1884 4221 2158 4285 Baptismo
2186 4226 2241 4271 et
2270 4221 2389 4284 ejus
2418 4222 2633 4272 effectu.

527 4288 571 4334 3.
597 4287 677 4336 Jo.
703 4288 893 4337 Bodini
922 4289 1328 4352 Andegavensis
1358 4290 1424 4340 de
1450 4291 1729 4355 Republica
1756 4293 1883 4342 libri
1914 4306 2009 4343 sex
2040 4293 2207 4342 latine
2240 4293 2307 4342 ab
2346 4294 2575 4343 authore
2600 4291 2813 4343 redditi.

461 4385 520 4392 —
551 4357 802 4421 Lugduni
833 4364 882 4408 et
914 4362 1296 4411 venundantur
1325 4363 1565 4422 ParisiiS,
1598 4363 1743 4425 apud
1770 4363 2030 4415 Jacobum
2063 4364 2169 4414 Du·
2148 4366 2335 4427 P-uyS,
2368 4365 2507 4415 1586.
