3131 5145
1103 1301 1415 1383 CAPUT
1478 1301 1937 1377 OCTAVUM

479 1595 566 1643 DE
619 1594 1091 1644 TYRANNICIDIO
1142 1596 1314 1645 APUD
1364 1596 1950 1647 FRANCO-GALLIAM
2002 1601 2081 1648 ET
2119 1600 2552 1653 CALVIMANOS

770 1701 1089 1759 QUOSDAM
1140 1702 1458 1753 LIBELLOS
1510 1704 1807 1753 INCERTIS
1860 1705 2270 1757 AUCTORIBUS

414 1947 895 2010 Jurisconsultis
925 1948 1002 2009 de
1036 1948 1269 2029 quibus
1291 1950 1354 2009 in
1383 1948 1725 2010 novissimo
1748 1948 2473 2029 capitulo,disscruimuS‚
2506 1951 2699 2012 liben-

330 2039 459 2106 tius
491 2046 950 2107 addidissemus
971 2047 1376 2107 Franciscum
1423 2048 1878 2129 Hotomanum‚
1913 2049 1965 2107 si
2002 2047 2066 2106 in
2102 2046 2286 2119 libro,
2325 2048 2424 2108 cui
2462 2067 2695 2119 nomen

333 2142 869 2215 Franco-Galliae‚
904 2144 1186 2204 veritatis
1227 2143 1439 2205 studio
1480 2145 1685 2221 magis
1714 2163 1908 2224 quam
1950 2162 2155 2205 causae
2191 2165 2320 2206 suae
2362 2146 2695 2207 commodo

337 2241 779 2302 consuluisset.

420 2339 570 2399 Ideo
619 2341 1010 2400 Hotomanus
1070 2338 1252 2399 nobis
1305 2339 1554 2399 videtur
1619 2339 2136 2400 annumerandus
2193 2340 2358 2401 inter
2407 2348 2697 2402 auctores

339 2436 733 2497 mordacium
759 2434 1141 2513 libellorum,
1165 2436 1273 2515 qui
1296 2436 1622 2501 atrocibus
1650 2436 1904 2497 saevitiis
1930 2438 2270 2498 exulcerati
2301 2438 2529 2517 quibus
2551 2438 2697 2499 fuis-

337 2540 486 2596 sent
527 2534 789 2596 obnoxii
827 2541 889 2595 et
921 2534 1090 2596 caede
1133 2533 1755 2609 Sanbartholomaea,
1788 2534 2106 2596 iracundis
2134 2541 2196 2596 et
2228 2534 2481 2598 ultionis
2519 2536 2693 2616 eupi-

333 2632 434 2693 dis
488 2632 814 2693 affectibus
870 2632 1319 2692 inserviebant.
1375 2634 1582 2704 Quum
1633 2633 1875 2693 infestis
1915 2633 2109 2693 armis
2167 2633 2232 2693 in
2290 2653 2694 2714 oppressores

333 2729 686 2808 irrumpere
717 2748 847 2790 non
878 2737 1154 2810 possent,
1185 2736 1374 2805 acuto
1405 2729 1656 2791 calamo
1688 2731 1754 2790 in
1783 2749 1895 2791 eos
1934 2730 2300 2792 saeviebant.

414 2827 695 2898 Quorum
746 2827 914 2888 inter
964 2827 1318 2908 praecipuos
1365 2826 1603 2888 exstitit
1665 2847 1915 2888 summa
1950 2827 2451 2907 jurisprudentia
2506 2823 2693 2890 notus

327 2925 702 2986 Franciscus
731 2927 1148 3002 Hotomanus,
1178 2925 1288 3005 qui
1316 2925 1517 2985 multa
1542 2926 1647 2984 vix
1681 2933 1814 2986 arte
1850 2944 1883 2985 e
1918 2925 2365 2986 trucidantium
2398 2926 2691 2987 manibus

329 3022 586 3102 elapsus
615 3023 696 3083 ab
735 3025 1000 3084 AvarIco
1032 3023 1383 3102 Biturigum
1417 3025 1728 3083 Genevam
1762 3041 1892 3083 sese
1922 3030 2263 3103 receperat.
2298 3024 2534 3085 Eodem
2561 3025 2690 3086 fere

326 3126 615 3198 tempore
651 3126 714 3181 et
745 3120 1010 3181 Gallicas
1037 3121 1240 3182 caedes
1271 3121 1591 3181 narrando
1626 3128 1991 3199 persecutus
2031 3126 2147 3196 est,
2180 3121 2501 3200 vitamque
2532 3122 2687 3182 ami-

327 3217 472 3278 ralii
511 3218 739 3279 Colinii
770 3219 1074 3296 narravit,
1097 3218 1418 3299 ediditque
1447 3218 2024 3280 Franco-Galliam.
2064 3220 2343 3290 Quorum
2382 3219 2688 3280 librorum

325 3317 571 3396 primus
619 3316 884 3378 mentito
936 3316 1212 3377 auctoris
1259 3316 1516 3377 nominc
1570 3335 1735 3376 anno
1790 3319 1947 3377 1573
1996 3318 2203 3377 editus
2263 3323 2355 3378 est
2396 3317 2511 3376 sub
2567 3317 2687 3378 hac

324 3413 739 3492 inscriptione
785 3437 796 3473 :
842 3413 928 3473 De
956 3413 1279 3493 furoribus
1313 3412 1592 3484 Gallici&
1637 3413 1949 3474 horrenda
1987 3424 2044 3472 et
2075 3413 2331 3494 indiqraea
2360 3414 2690 3475 Amirallii

329 3509 736 3584 Castillionii‚
787 3511 1085 3571 nobilium
1123 3521 1306 3592 atque
1345 3511 1688 3571 illustrium
1732 3512 2002 3571 virorum
2060 3512 2239 3585 caede,
2286 3511 2581 3572 scelerata
2614 3531 2699 3572 ac-

321 3607 610 3669 inaudita
647 3609 899 3688 piorum
947 3619 1151 3688 scraqe
1183 3609 1422 3690 passim
1450 3608 1613 3669 edita
1637 3627 1753 3689 per
1777 3609 2115 3688 complures
2149 3609 2373 3670 Galliae
2412 3610 2685 3670 civitates

318 3704 453 3766 sine
494 3705 618 3766 ullo
669 3706 1021 3766 discrimine
1062 3707 1330 3787 qeneris,
1384 3726 1587 3782 seoezw,
1632 3707 1833 3766 aecatis
1872 3716 1927 3766 et
1980 3707 2345 3768 conditionis
2376 3705 2685 3767 hominum

318 3823 470 3865 vera
528 3813 588 3864 et
651 3803 920 3885 simplex
976 3807 1258 3864 narratio
1286 3851 1300 3877 ,
1355 3805 1618 3865 Ernesto
1700 3803 2085 3865 Varamundo
2154 3803 2355 3866 Frisio
2414 3815 2679 3864 auctore.

315 3902 586 3963 Carmen
614 3901 677 3960 in
709 3903 912 3982 prima
945 3903 1149 3963 fronte
1180 3903 1593 3981 praepositum
1628 3909 1763 3962 erat
1798 3920 1810 3962 ε
1849 3903 1955 3963 Vis
1986 3903 2229 3963 consilii
2258 3920 2483 3983 expers
2516 3898 2679 3962 mole

315 3999 443 4059 ruit
471 4018 588 4060 sua
619 3999 665 4059 ’.ἱ
695 4000 1034 4073 Posterior,
1067 4005 1138 4060 ut
1164 3999 1432 4073 videtur,
1465 4018 1633 4059 anno
1661 4006 1911 4059 tantum
1936 4001 2089 4059 1579
2121 3998 2351 4078 prodiit
2374 3999 2441 4058 in
2472 3999 2676 4058 lucem

315 4095 436 4158 hoc
475 4096 660 4157 titulo
708 4114 722 4157 1
769 4093 1028 4177 Gaspar.
1087 4094 1320 4158 Col-inii
1363 4081 1758 4156 Castellionii
1800 4096 2010 4175 maqm'
2052 4095 2359 4177 quondam
2398 4095 2681 4156 Franciae

315 4192 628 4254 amirallii
671 4194 822 4267 vila,
871 4213 1032 4254 nunc
1076 4193 1314 4256 demum
1354 4194 1428 4254 ob
1459 4193 1762 4273 defectum
1806 4193 2253 4274 exemplarium
2300 4194 2363 4254 in
2411 4192 2679 4274 qratiam

385 4417 431 4463 1.
459 4413 806 4476 Edimburgi‚
835 4427 978 4462 anno
1009 4414 1200 4463 salutis
1229 4413 1478 4462 humanae
1508 4415 1646 4462 1573.
