3131 5145
1116 1244 1427 1319 CAPUT
1475 1244 1676 1319 NON
1679 1243 1818 1319 ΠΜ

273 1524 439 1583 QUID
478 1524 566 1571 DE
607 1524 1079 1575 TYRANNICIDIO
1121 1527 1479 1576 SENSERINT
1516 1528 1858 1577 HUBERTUS
1897 1528 2282 1579 LANGUETUS
2320 1531 2389 1581 IN
2431 1538 2464 1575 ((
2509 1533 2654 1582 VIN-

372 1630 579 1679 DICIIS
630 1630 893 1681 CONTRA
943 1633 1290 1683 TYRANNOS
1337 1640 1403 1701 )>,
1450 1636 1529 1683 ET
1580 1635 2016 1685 BUCHANANUS
2053 1636 2122 1685 IN
2158 1637 2437 1688 LIBELLO
2484 1645 2517 1682 «
2561 1640 2646 1689 DE

370 1736 533 1785 JURE
586 1736 782 1786 REGNI
835 1738 1009 1787 APUD
1063 1738 1316 1788 SCOTOS
1374 1746 1441 1790 )).

1417 1833 1460 1847 ⁴....

399 1936 448 1949 ‘-

324 1953 685 2063 'Nusquam
716 1985 917 2061 magis
948 1983 1186 2062 spirare
1216 1983 1282 2043 in
1310 1984 1431 2045 hoc
1470 1984 1681 2046 seculo
1712 1991 1775 2045 et
1805 1983 2068 2046 tristiori
2095 1984 2435 2065 asperitate
2464 1984 2646 2049 vide-

276 2090 380 2143 tur
409 2082 927 2143 Calvinianorum
968 2101 1143 2143 mens
1180 2089 1242 2143 et
1270 2091 1692 2145 sacrosanctae
1723 2082 2063 2163 Scripturae
2094 2083 2302 2156 flatus,
2343 2102 2535 2163 quam
2576 2085 2640 2146 in

273 2180 439 2241 libro
474 2181 609 2240 sine
649 2198 799 2240 vero
836 2180 1111 2240 auctoris
1145 2180 1400 2241 nomine
1431 2182 1708 2261 primum
1739 2199 1907 2241 anno
1940 2182 2087 2241 1581
2119 2181 2186 2240 in
2211 2180 2436 2261 vulgus
2471 2182 2641 2243 edito

274 2275 393 2335 sub
424 2276 550 2336 hoc
592 2275 775 2337 titulo
817 2292 832 2336 :
881 2274 1170 2336 Vindiciae
1199 2286 1409 2336 contra
1440 2286 1764 2357 tyrannm,
1794 2277 1936 2349 sive,
1971 2276 2041 2337 de
2073 2276 2385 2358 principis
2424 2278 2488 2337 in
2518 2279 2644 2359 po-

272 2372 494 2453 pulum
528 2372 879 2455 populique
918 2374 983 2432 in
1013 2374 1366 2455 principem
1406 2373 1680 2454 leqitima
1720 2383 2055 2455 potestate,
2093 2372 2412 2456 Stephano
2450 2374 2643 2435 «lunio

276 2468 474 2529 Bruto
512 2469 690 2531 Celta
719 2481 988 2531 auctore.

351 2569 473 2629 Diu
526 2568 920 2630 existimatus
972 2567 1341 2630 Theodorus
1387 2569 1546 2630 Beza
1596 2568 1761 2630 illius
1807 2567 1950 2630 libri
1997 2575 2218 2630 auctor
2260 2589 2431 2645 esse;
2484 2591 2640 2632 non-

273 2663 464 2725 nullis
499 2683 653 2725 vero
692 2665 1059 2726 Franciscus
1096 2668 1510 2744 Hotomanus,
1546 2667 1646 2728 vel
1682 2666 2128 2740 BuchananuS‚
2171 2667 2270 2727 vel
2310 2667 2639 2747 Philippus

271 2763 591 2825 Mornaeus
638 2762 929 2824 PlessiuS.
986 2763 1105 2825 Sed
1154 2764 1612 2826 demonstravit
1656 2765 1932 2844 BayliuS,
1977 2765 2044 2825 in
2089 2763 2304 2826 Indice
2347 2764 2640 2826 historico

273 2869 329 2919 et
377 2858 614 2935 critico,
668 2860 838 2921 hunc
886 2860 1117 2921 librum
1168 2862 1247 2922 ab
1298 2863 1579 2924 Huberto
1626 2864 1954 2942 Langueto
2002 2863 2306 2940 scriptum
2353 2862 2544 2924 fuisse
2587 2865 2629 2938 ¹,

332 3061 376 3107 1.
400 3057 800 3108 Recentissimc
830 3057 1077 3108 eruditus
1098 3058 1435 3120 Waddigton
1460 3060 1706 3122 quaedam
1733 3059 1917 3108 attulit
1935 3061 2258 3120 argumenta
2282 3062 2342 3108 ut
2370 3057 2637 3108 Vindicius

266 3143 299 3177 a
340 3129 580 3178 Mornaeo
620 3128 825 3178 Plessio
864 3129 1193 3190 compositas
1230 3143 1347 3180 esse
1385 3132 1661 3192 probaret.
1695 3129 2058 3180 Nihilominus
2099 3128 2320 3179 minime
2359 3143 2478 3180 eam
2519 3143 2629 3179 rem

270 3200 581 3264 expeditam
624 3213 744 3250 esse
781 3199 1001 3258 fatetur,
1032 3213 1341 3264 quanquam
1388 3201 1612 3263 quidem
1651 3201 1888 3251 Mornaeo
1923 3201 2105 3263 potius
2148 3214 2312 3264 quam
2355 3201 2633 3262 Langueto
2711 3213 2715 3216 “

266 3271 467 3321 librum
510 3271 924 3320 attribuendum
968 3285 1087 3322 esse
1134 3277 1339 3323 censet.
1378 3273 1474 3336 (De
1508 3272 1730 3322 Huberti
1769 3272 2028 3336 Lauqueti
2065 3273 2192 3321 vita.
2227 3270 2397 3333 Paris,
2439 3272 2633 3321 Ernest

268 3342 495 3402 Leroux‚
531 3342 675 3403 1888,
708 3343 861 3406 in-8.)
1691 3397 1703 3406 ,

326 3413 495 3476 Baylii
520 3421 663 3462 'vero
701 3413 1080 3464 auctoritatem
1121 3415 1466 3476 potissimum
1508 3415 1806 3477 sequimur.
1839 3416 2082 3477 Namque
2119 3413 2419 3463 secundum
2458 3414 2624 3462 Tron-

264 3485 409 3534 chini
453 3484 694 3545 theologi
734 3486 1063 3535 Genevensis
1100 3486 1383 3536 funebrem
1420 3487 1719 3536 orationem
1759 3486 1816 3536 iu
1853 3486 2062 3535 obitum
2091 3485 2330 3535 Simonis
2369 3485 2628 3534 Goulartii

264 3555 525 3614 habitam,
548 3556 887 3605 Goulartium
908 3558 979 3606 ab
998 3557 1238 3606 Huberto
1259 3558 1539 3620 Langucto
1569 3557 1834 3606 Vindicius
1849 3558 2079 3621 scriptas
2095 3569 2215 3606 esse
2235 3560 2384 3606 certo
2405 3556 2630 3606 scivisse

261 3630 494 3676 constat.
524 3627 713 3690 Operae
738 3628 974 3690 pretium
1002 3633 1084 3678 est
1113 3629 1225 3678 haec
1254 3628 1545 3678 Tronchini
1569 3629 1735 3678 verba
1760 3629 1826 3679 de
1852 3628 2128 3677 Goulartio
2149 3628 2347 3678 referre
2371 3642 2385 3676 ε
2409 3647 2433 3671 «
2457 3629 2625 3686 Quam

262 3696 575 3759 impleverit
604 3699 791 3748 orbem
822 3698 965 3748 fama
988 3700 1268 3748 latissima}
1304 3699 1629 3750 eruditionis
1657 3714 1762 3762 qua
1801 3701 2038 3762 pollebat
2067 3700 2151 3748 vel
2184 3711 2292 3748 uno
2332 3699 2433 3748 hoc
2463 3712 2626 3760 argu-

262 3771 445 3818 mento
472 3769 765 3818 constabit.
798 3769 1059 3820 Henricus
1091 3772 1283 3820 tertius
1315 3785 1407 3820 rex
1441 3773 1792 3831 Francorum,
1823 3773 2074 3822 curiosus
2104 3771 2288 3820 omnia
2312 3783 2474 3820 nosse
2503 3783 2623 3832 quae

264 3843 375 3888 toto
404 3852 577 3902 regno
608 3839 930 3890 dicebantur
958 3845 1011 3890 et
1038 3843 1418 3892 scribebantur
1439 3847 1499 3891 ut
1529 3857 1594 3892 ea
1624 3843 1834 3892 ratione
1862 3841 2282 3904 cogitationibus
2307 3844 2362 3890 et
2387 3840 2624 3889 consiliis

263 3911 507 3959 omnium
535 3911 825 3960 interesset
858 3927 870 3960 t
902 3926 1070 3975 quum
1101 3913 1323 3975 legisset
1359 3913 1560 3963 librum
1601 3913 1696 3975 qui
1736 3913 1994 3978 Stephani
2029 3912 2174 3962 Junii
2217 3911 2366 3960 Bruti
2405 3911 2620 3960 nomine

270 3980 537 4030 Vindicius
568 3982 731 4030 babet
748 3985 933 4031 contra
958 3985 1214 4047 tyrannos
1238 3987 1293 4032 et
1321 3985 1445 4048 quis
1466 3985 1568 4034 sub
1589 3998 1652 4033 eo
1677 3986 1897 4034 nomine
1923 3986 2112 4034 lateret
2138 3986 2294 4031 autor
2312 3980 2623 4032 avidissime

256 4057 483 4115 cuperet
514 4053 653 4101 scire
687 4068 699 4100 :
732 4059 853 4114 post
883 4053 1093 4104 delusas
1123 4067 1313 4104 omnes
1343 4055 1744 4116 explorationes
1776 4069 1883 4105 non
1915 4054 2125 4116 putavit
2152 4051 2624 4114 compendiosiore

257 4123 343 4170 via
364 4125 653 4184 pervenire
675 4138 833 4184 posse
862 4126 931 4174 ad
953 4126 1073 4190 ejus
1104 4126 1181 4176 rei
1210 4140 1372 4190 quam
1405 4127 1716 4189 inquirebat
1739 4127 2006 4189 notitiam,
2029 4139 2190 4188 quam
2217 4122 2420 4173 indicio
2447 4124 2620 4173 nostri

258 4193 542 4254 Goulartii,
566 4208 729 4256 quem
753 4195 890 4245 nihil
920 4196 1086 4246 latere
1110 4197 1364 4246 credebat
1395 4211 1581 4246 eorum
1613 4211 1734 4260 quae
1764 4197 1908 4260 typis
1937 4196 2347 4260 evulgabantur.
2369 4193 2450 4243 Ad
2477 4193 2624 4244 Gou-

256 4263 475 4314 lartium
506 4267 675 4315 mittit
706 4267 799 4328 qui
830 4269 899 4316 ab
926 4282 991 4317 eo
1023 4282 1134 4318 rem
1167 4269 1503 4319 edoceretur.
1527 4268 1934 4331 Autographum
1963 4267 2172 4318 autoris
2199 4266 2408 4316 viderat
2436 4269 2622 4315 noster

256 4337 312 4384 et
338 4336 549 4386 sciebat
586 4349 725 4398 opus
765 4351 885 4387 esse
916 4339 1139 4388 liuberti
1172 4340 1435 4402 Langueti
1463 4338 1562 4387 viri
1594 4353 1626 4388 a
1657 4339 1920 4401 singulari
1954 4339 2172 4400 pietate,
2203 4337 2467 4396 doctrina,
2498 4349 2621 4397 pru-

260 4405 441 4456 dentia
477 4407 838 4470 celeberrimi,
874 4409 1020 4472 quod
1058 4410 1144 4459 vir
1174 4411 1403 4460 illustris
1435 4415 1488 4459 et
1518 4410 1744 4460 literatae
1783 4410 2083 4460 nobilitatis
2128 4409 2294 4459 decus
2340 4406 2622 4468 Philippus
