3131 5145
1333 432 1657 495 ..47-

379 564 544 624 Item
586 566 942 637 Duarenus,
985 563 1314 638 Donellus,
1363 567 1723 641 Goveanus,
1764 562 2137 637 Balduinus,
2178 569 2243 624 et
2276 563 2387 625 alii
2426 565 2549 644 qui·
2568 567 2677 645 jus

295 662 661 731 docuerunt
690 662 758 722 in
795 661 1310 723 universitatibus
1329 663 1597 725 -decimo
1634 668 1811 723 sexto
1838 661 2073 723 seculo,
2114 649 2233 733 Qui
2268 680 2489 723 omnes
2512 662 2673 743 juris

291 759 546 839 antiqui
571 758 866 821 doctores
893 760 982 819 nil
1015 758 1191 821 aliud
1237 760 1354 821 sibi
1397 778 1755 841 proponere
1795 759 2177 819 videbantur
2212 778 2405 838 quam
2444 760 2667 840 expla-

293 875 450 918 nare
471 856 624 917 et-in
642 856 958 935 integrum
991 856 1266 917 nitorem
1300 858 1627 919 restituere
1656 862 1935 917 veterum
1969 854 2419 935 magistrorum
2442 876 2663 937 opera.

291 954 394 1015 Ita
422 954 774 1034 Ulpianum
804 960 866 1014 et
895 954 1322 1033 Papinianum
1355 955 1829 1015 venerabantur
1875 959 1943 1013 ut
1979 951 2291 1014 Thomam
2332 954 2663 1033 Aquinatis

283 1050 608 1131 theologi.

369 1151 569 1211 Juxta
596 1168 706 1212 eos
738 1148 848 1228 qui
874 1148 1120 1227 legibus
1152 1148 1454 1210 Romanis
1495 1148 1901 1222 studuerunt,
1943 1147 2121 1209 fuere
2160 1148 2269 1227 qui
2308 1148 2659 1226 diligentis·

285 1247 450 1308 sime
490 1246 978 1309 consuetudines
1007 1246 1268 1324 gallicas
1289 1253 1354 1307 et
1377 1248 1486 1327 jus
1513 1245 2140 1307 consuetudinarium
2180 1246 2656 1325 explanandum

282 1351 736 1423 susceperunt.
769 1344 941 1404 Inter
958 1362 1118 1422 quos
1141 1363 1393 1405 summo
1411 1343 1751 1423 splendore
1775 1344 1991 1405 floruit
2009 1343 2271 1405 Carolus
2297 1338 2657 1420 Molinaeus',
2716 1358 2725 1365 “

282 1442 398 1520 qui
429 1441 620 1519 longe
661 1459 856 1520 super
891 1442 1122 1502 Vidum
1173 1441 1558 1521 Coquillum,
1609 1444 1919 1501 Renatum
1958 1440 2319 1521 Chopinum
2366 1442 2653 1519 eminuit,

281 1540 576 1620 aliosque
605 1559 825 1601 omnes
857 1540 969 1620 qui
997 1540 1074 1601 de
1105 1540 1669 1601 consuetudinibus
1706 1540 1935 1601 veteris
1980 1540 2197 1601 Galliae
2240 1540 2651 1621 scripserunt.

367 1639 590 1716 Longe
617 1636 932 1717 discrepat
967 1654 1006 1696 a
1043 1636 1300 1715 Cujacio
1342 1638 1412 1697 in
1445 1635 1567 1697 hoc
1596 1636 1925 1697 Molinaeus
1954 1636 2126 1716 quod
2155 1656 2283 1698 non
2320 1644 2415 1698 est
2450 1637 2656 1699 minus

280 1753 434 1795 acer
460 1734 530 1794 in
555 1734 934 1814 disputando
965 1752 1158 1813 quarn
1187 1734 1252 1793 iu
1283 1734 1581 1795 discendo
1614 1733 1903 1794 assiduus
1942 1750 1957 1794 ε
1983 1733 2091 1813 jus
2120 1740 2181 1795 et
2210 1734 2655 1815 jurispruden-

279 1832 440 1893 tiam
485 1834 552 1892 in
589 1832 1100 1893 contentionibus
1134 1831 1476 1911 aequalium
1523 1830 1809 1904 adhibet,
1841 1832 1969 1891 sive
2012 1831 2089 1892 de
2134 1830 2323 1892 rebus
2357 1832 2647 1910 publiciS‚

277 1929 413 1990 sive
445 1929 526 1990 de
555 1928 882 2007 religione,
912 1928 1024 1989 sed
1061 1947 1386 2007 nunquam
1425 1928 1486 1988 in
1532 1928 1773 2006 regiam
1814 1934 2187 2008 potestatem
2230 1928 2647 1991 eruditionem

277 2026 590 2103 intendit3
623 2026 799 2087 illam
833 2033 1058 2087 contra
1095 2032 1158 2087 et
1194 2026 1446 2106 scriptis
1484 2032 1545 2087 et
1586 2025 1867 2087 consiliis
1910 2025 2095 2104 erigit
2130 2044 2203 2085 ac
2244 2030 2479 2101 tuetur,
2518 2027 2646 2088 sive

277 2123 590 2185 adversus
627 2143 924 2186 romanos
962 2124 1294 2203 pontifices
1336 2142 1685 2203 eorumque
1732 2123 2235 2185 dominationem
2273 2123 2336 2183 in
2373 2124 2647 2187 deterius

277 2228 670 2299 vergentem,
715 2222 844 2283 sive
882 2222 946 2281 in
985 2222 1321 2283 feudorum
1363 2240 1512 2282 usus
1553 2221 1637 2281 ad
1674 2221 1982 2283 saevitiam
2025 2220 2121 2281 vel
2170 2221 2645 2299 usurpationem

278 2318 642 2398 prolapsos.

357 2415 527 2477 Illud
560 2423 708 2478 ante
735 2417 952 2478 omnia
982 2435 1114 2497 prae
1151 2436 1216 2477 se
1245 2418 1368 2478 fert
1398 2423 1461 2477 et
1489 2416 1827 2478 confirmat
1857 2435 2071 2495 regem
2103 2416 2168 2477 in
2199 2416 2379 2494 regni
2409 2417 2643 2477 finibus
2700 2456 2707 2461 -

276 2532 474 2594 super
501 2533 722 2576 omnes
746 2515 1114 2596 erigendum
1147 2525 1370 2577 esses«
1397 2516 1585 2595 Apud
1615 2534 1853 2593 regem,
1886 2514 2115 2596 inquit,
2150 2522 2243 2576 est
2277 2516 2413 2576 fons
2438 2516 2645 2577 omnis

268 2612 729 2691 jurisdictionis
757 2613 1158 2693 temporalis3
1187 2613 1297 2674 alii
1326 2621 1540 2675 autem
1572 2619 1718 2674 sunt
1744 2613 1933 2674 rivuli
1960 2612 2042 2673 ab
2074 2632 2148 2674 eo
2176 2613 2577 2674 delluentes¹.
2606 2637 2637 2670 »

355 2711 708 2788 Diligenter
735 2718 950 2773 tamen
979 2711 1328 2772 cavendum
1366 2731 1444 2772 ne
1483 2711 1673 2773 latius
1704 2731 1889 2791 aequo
1937 2712 2335 2790 proferamus
2369 2695 2670 2772 Molinaei‘

273 2808 342 2868 in
397 2808 645 2886 regiam
687 2809 1130 2870 auctoritatem
1179 2809 1488 2883 studium3
1536 2827 1665 2869 non
1710 2808 1878 2869 enim
1924 2808 2091 2870 inter
2138 2808 2279 2869 illos
2322 2827 2635 2868 annume-

271 2905 518 2966 randus
545 2911 640 2966 est
669 2907 776 2984 qui
802 2911 1021 2967 notum
1054 2905 1213 2966 illud
1243 2913 1635 2987 praeceptum
1671 2905 2093 2984 vulgaverunt
2125 2921 2140 2965 :
2176 2903 2481 2986 quidquid
2499 2904 2633 2984 pla-

272 3004 474 3064 cuerit
500 3003 802 3084 principi,
831 3003 984 3084 [ερὲς
1011 3003 1194 3064 habet
1223 3005 1538 3084 vi90r3m;
1568 3004 1629 3063 in
1663 3003 1913 3082 scriptis
1942 3009 2167 3064 contra
2199 3001 2399 3062 fusius
2437 3003 2635 3084 expli-

273 3107 378 3160 cat
421 3100 652 3180 quibus
693 3108 755 3161 et
795 3101 1051 3181 quantis
1099 3101 1326 3162 officiis
1384 3102 1795 3163 detineantur
1850 3119 2058 3178 reges;
2104 3099 2261 3160 illud
2316 3099 2635 3179 praecipue

271 3198 457 3259 timet
493 3217 573 3258 ne
616 3199 831 3278 inopia
872 3199 951 3259 ad
1000 3198 1300 3259 violanda
1331 3198 1484 3277 jura
1525 3200 1900 3278 adigantur3
1942 3197 2087 3258 ideo
2129 3197 2535 3259 vehementer
2568 3198 2634 3258 in

269 3295 564 3356 civitates
601 3315 907 3376 regesque
945 3296 1270 3358 invehitur
1311 3296 1420 3376 qui
1458 3303 1751 3375 acceptas
1792 3315 1831 3356 a
1867 3296 2129 3376 privatis
2177 3295 2475 3374 pecunias
2494 3315 2634 3358 -non

271 3391 718 3471 persolverint,
749 3393 918 3472 quod
941 3395 1174 3472 saepius
1206 3412 1283 3455 ea
1307 3400 1685 3474 tempestate
1717 3393 1967 3467 accidit,
2002 3393 2102 3452 vel
2132 3411 2427 3453 nummos
2455 3391 2631 3452 adul-

271 3490 514 3551 terinos
543 3491 873 3552 ediderint.
915 3515 948 3548 «
980 3491 1356 3552 Gravissime
1387 3498 1655 3571 peccant
1682 3490 1995 3570 principes
2021 3496 2085 3551 et
2109 3490 2629 3570 qualescumque,

267 3587 383 3666 qui
411 3587 490 3648 de
525 3587 830 3666 qualit-ate
863 3588 958 3649 vel
1001 3589 1280 3667 pondere
1311 3589 1538 3649 debitis
1578 3587 1987 3661 subtrahunt,
2020 3593 2085 3648 et
2120 3585 2627 3648 enormissimam

265 3685 560 3745 omnium
585 3685 922 3746 falsitatem
956 3689 1384 3762 committunt,
1412 3686 1534 3747 nisi
1557 3686 1733 3766 prius
1766 3685 2016 3767 publice
2046 3703 2353 3747 consensu
2381 3683 2627 3764 populi,

264 3782 396 3842 alia
442 3781 779 3862 probitatis
833 3783 900 3843 in
945 3785 1250 3864 qualitate
1295 3791 1360 3845 et
1402 3778 1759 3864 quantitate
1807 3791 1961 3845 nota
2005 3783 2363 3844 deliniatur.
2420 3783 2629 3853 Quum
2724 3855 2735 3864 .

262 3880 437 3940 enim
472 3899 775 3942 nummus
815 3882 1036 3942 omnia
1074 3883 1396 3957 metiatur,
1439 3893 1502 3943 et
1541 3883 1623 3943 sit
1660 3881 1977 3960 generalis
2016 3881 2296 3942 omnium
2330 3897 2629 3939 mensura

253 3978 403 4056 jure
429 3978 722 4056 gentium
756 3979 1138 4060 introducta,
1171 3981 1389 4042 omnia
1417 3980 1570 4060 jura
1600 3981 1817 4040 divina
1845 3987 1908 4040 et
1940 3979 2241 4050 humana,
2276 3995 2417 4057 quae
2451 3976 2627 4036 dam-

262 4083 422 4137 nant
452 4082 517 4137 et
556 4083 936 4138 execrantur
963 4077 1372 4140 falsificantes
1401 4085 1464 4139 et
1495 4084 1820 4138 mutantes
1846 4095 2195 4149 mensus-33,
2231 4075 2540 4134 damnant
2568 4083 2631 4134 et

321 4325 368 4371 1.
397 4321 582 4372 Caroli
609 4320 841 4375 Moliuaei
873 4322 1058 4373 Omnia
1084 4338 1198 4388 quae
1227 4326 1440 4374 eaestant
1471 4313 1650 4388 opera,
1680 4329 1715 4374 t.
1746 4325 1809 4385 11,
1848 4339 1897 4386 p.
1922 4323 2033 4376 608.
2056 4322 2294 4384 Parisiis,
2326 4324 2632 4385 sumptibus

209 4406 211 4408 ·
257 4393 512 4456 Dionysii
547 4391 796 4455 'thiel-ry,
827 4394 915 4443 via
941 4395 1204 4455 Jacobaea,
1237 4397 1353 4446 1681
