3131 5145
13 3589 16 3616 »-
12 3321 22 3574 —————-—-‡-‡
12 2859 23 3282 ***----—-—-—-
13 2821 15 2846 -

1516 440 1839 504 -76-

496 578 633 658 ejus
679 584 911 656 censet,
965 583 1036 638 ut
1076 576 1188 637 Dei
1230 576 1459 637 timore
1516 594 1694 653 reges
1744 574 2176 653 inhibeantur,
2234 593 2348 636 nec
2403 575 2467 635 in
2524 580 2850 655 posterum

500 675 779 737 ecclesiae
818 675 1260 737 auctoritatem
1299 674 1698 753 civitatisque
1725 672 1895 753 leges
1929 673 2191 746 violent,
2219 672 2437 752 illique
2470 672 2682 753 placet
2707 693 2848 736 mo-

496 772 681 834 nachi
726 772 1138 833 simulacrum
1176 790 1411 832 aereum
1458 770 1739 850 erigatur
1780 771 1845 831 in
1899 772 2037 831 foro
2092 771 2211 831 sub
2265 769 2384 830 hac
2441 769 2851 851 inscriptione

496 870 773 931 dicatum
810 892 822 929 :
858 870 1102 933 Vindici
1134 860 1459 947 religionis
1490 868 1819 929 catholicae
1851 875 1912 929 et
1942 868 2212 947 publicae
2245 867 2575 929 libertatis,

582 968 846 1047 Subjicit
898 987 1005 1029 eos
1058 967 1393 1029 scelerasse
1438 985 1666 1027 manus
1715 966 1821 1045 qui
1867 967 1979 1026 Dei
2026 966 2340 1026 famulum
2386 971 2450 1026 et
2490 965 2845 1027 ministrum

498 1066 689 1145 impie
723 1067 1083 1127 necaverint
1121 1084 1133 1126 ε
1166 1064 1403 1144 quippe
1448 1064 1692 1123 nullum
1730 1064 1812 1124 sit
1849 1062 2030 1124 laicis
2056 1063 2121 1124 in
2152 1063 2411 1124 clericos
2433 1065 2540 1143 jus
2565 1069 2677 1124 aut
2707 1064 2849 1123 vin-

498 1164 697 1238 dicta,
759 1162 1091 1242 solumque
1150 1161 1431 1223 decuerit
1484 1163 1620 1241 ejus
1665 1162 2032 1241 episcopum
2085 1160 2366 1241 judicem
2421 1168 2482 1222 et
2539 1161 2848 1223 arbitrum

498 1261 711 1323 videre
742 1261 893 1341 quid
928 1260 1220 1322 sacerdos
1251 1260 1513 1321 meritus
1543 1266 1727 1332 esset,
1761 1258 1858 1319 vel
1891 1260 2102 1339 potius
2131 1260 2328 1320 Deum
2358 1278 2397 1319 a
2429 1278 2556 1340 quo
2587 1260 2667 1321 ad
2699 1278 2848 1340 per-

498 1360 875 1439 petrandum
911 1358 1153 1419 facinus
1181 1362 1343 1418 esset
1366 1357 1681 1418 incitatus,

577 1460 655 1519 At
693 1457 881 1536 plane
940 1454 1236 1533 intelligit
1288 1461 1523 1529 noster,
1582 1454 1871 1534 quamvis
1923 1454 2229 1515 iracundo
2290 1472 2396 1515 ore
2448 1453 2731 1533 delitiget
2783 1461 2848 1516 et

498 1554 651 1616 atris
690 1553 1007 1614 coloribus
1049 1571 1145 1613 res
1184 1552 1484 1626 delineat,
1520 1570 1654 1612 sese
1697 1550 1852 1611 nihil
1881 1550 2184 1632 proficere
2227 1552 2304 1613 ad
2335 1551 2681 1613 movendos
2704 1551 2849 1613 illos

498 1651 741 1713 nobiles
775 1650 883 1731 qui
913 1650 1185 1730 Jamjam
1225 1649 1475 1711 Henrici
1517 1649 1730 1728 quarti
1779 1650 2100 1709 fortunam
2144 1655 2279 1711 toto
2319 1650 2506 1710 corde
2549 1648 2849 1730 amplecti

496 1757 725 1813 essent.
760 1751 958 1824 Tunc,
1000 1768 1201 1809 novus
1228 1748 1523 1822 Jeremia,
1559 1749 1639 1807 ad
1684 1747 2162 1827 objurgationes
2201 1748 2465 1808 vertitur
2501 1754 2564 1808 et
2605 1753 2850 1809 atroces

497 1851 701 1908 minas
729 1846 1029 1925 fulgurat.
1060 1846 1239 1919 Quod
1269 1848 1318 1905 si
1357 1848 1709 1906 Navarrum
1743 1846 2004 1906 ulterius
2043 1844 2158 1905 sibi
2203 1864 2470 1925 praeesse
2499 1844 2847 1905 sustineant

496 1964 611 2007 nec
656 1948 793 2026 ejus
834 1965 870 2006 a
918 1945 1223 2007 scelerata
1262 1944 1706 2005 haereticorum
1747 1944 2046 2005 societate
2083 1943 2455 2004 abstinuerit
2493 1961 2746 2017 manuS,
2789 1949 2849 2004 et

495 2046 697 2105 sulfur
713 2050 775 2105 et
790 2044 967 2121 ignes
986 2044 1053 2103 in
1070 2034 1278 2122 capita
1299 2041 1524 2103 caelum
1547 2042 1904 2121 intentabit,
1925 2060 2238 2121 agrosque
2254 2042 2527 2103 vastabit
2544 2048 2606 2102 et
2623 2040 2847 2102 domus

496 2143 815 2203 subvertet
849 2160 863 2203 :
896 2147 1143 2203 montes
1174 2141 1677 2215 contremiscent,
1707 2142 2014 2202 irascente
2041 2142 2194 2213 Deo,
2235 2147 2530 2220 terraque
2569 2139 2848 2200 dehiscet

496 2242 849 2319 pavefacta,
894 2241 1249 2319 paganique
1300 2238 1543 2300 nobiles
1583 2239 1649 2299 in
1687 2238 1960 2299 ludibrio
1999 2245 2062 2299 et
2095 2244 2460 2318 contemptu
2495 2237 2842 2313 habebunt,

440 2374 451 2385 ·
496 2337 918 2419 manibusque
958 2338 1219 2399 infensis
1271 2337 1437 2399 aedes
1484 2338 1790 2416 superbas
1838 2343 2081 2415 eruent,
2127 2343 2189 2399 et
2239 2337 2501 2417 parvula
2547 2343 2845 2397 natorum

502 2454 771 2515 corpora
800 2438 865 2497 in
897 2439 1169 2516 parietes
1210 2435 1373 2495 illisa
1416 2435 1829 2513 frangent‚·et
1881 2435 2233 2516 principum
2275 2436 2554 2515 ipsorum
2591 2434 2847 2513 sanguis

497 2553 612 2614 per
639 2536 772 2596 vias
802 2535 1087 2596 manabit
1118 2540 1184 2596 ut
1227 2534 1456 2595 vilibus
1490 2533 1704 2595 bestiis
1734 2531 1923 2612 vulgo
1958 2533 2268 2595 mactatis,

577 2632 833 2694 Talibus
873 2634 1059 2694 rudes
1104 2632 1505 2713 popularium
1555 2638 1792 2692 mentes
1827 2631 2232 2708 accendebat,
2265 2651 2464 2712 eoque
2511 2633 2723 2712 major
2758 2632 2848 2692 vis

496 2731 699 2792 inerat
739 2731 1013 2792 sermoni
1048 2729 1561 2811 grandiloquenti
1602 2736 1664 2790 et
1692 2730 2114 2806 inflammatO,
2147 2731 2314 2811 quod
2348 2731 2578 2810 saepius
2609 2729 2850 2791 atrocia

495 2830 607 2892 illa
652 2831 729 2891 ad
783 2829 1073 2892 effectum
1114 2831 1249 2910 jam
1294 2828 1569 2889 adducta
1616 2833 1848 2902 essent,
1896 2829 2356 2908 verborumque
2403 2828 2704 2907 majestas
2739 2825 2850 2887 illa

493 2929 872 2992 veteratoria
921 2929 1167 2990 animos
1217 2926 1704 3008 praestringebat
1752 2932 1822 2986 ut
1875 2926 2072 2988 oculis
2120 2927 2320 2988 officit
2369 2927 2670 2988 mentitus
2712 2925 2853 2986 auri

496 3026 814 3105 splendor.
