<?xml version="1.0" encoding="UTF-8"?>
<!DOCTYPE html PUBLIC "-//W3C//DTD XHTML 1.0 Transitional//EN"
    "http://www.w3.org/TR/xhtml1/DTD/xhtml1-transitional.dtd">
<html xmlns="http://www.w3.org/1999/xhtml" xml:lang="en" lang="en">
 <head>
  <title>
</title>
<meta http-equiv="Content-Type" content="text/html;charset=utf-8" />
  <meta name='ocr-system' content='tesseract 3.04.00' />
  <meta name='ocr-capabilities' content='ocr_page ocr_carea ocr_par ocr_line ocrx_word'/>
</head>
<body>
  <div class='ocr_page' id='page_1' title='image "./detyrannicidica00douagoog_0023.png"; bbox 0 0 3131 5145; ppageno 0'>
   <div class='ocr_carea' id='block_1_1' title="bbox 1362 454 1642 516">
    <p class='ocr_par' dir='ltr' id='par_1_1' title="bbox 1362 454 1642 516">
     <span class='ocr_line' id='line_1_1' title="bbox 1362 454 1642 516; baseline 0 -15"><span class='ocrx_word' id='word_1_1' title='bbox 1362 454 1642 516; x_wconf 59' lang='lat'><strong>„5-</strong></span> 
     </span>
    </p>
   </div>
   <div class='ocr_carea' id='block_1_2' title="bbox 309 573 2745 4074">
    <p class='ocr_par' dir='ltr' id='par_1_2' title="bbox 309 573 2745 2616">
     <span class='ocr_line' id='line_1_2' title="bbox 318 573 2681 671; baseline 0.002 -22"><span class='ocrx_word' id='word_1_2' title='bbox 318 609 464 671; x_wconf 83' lang='lat' dir='ltr'><strong>quae</strong></span> <span class='ocrx_word' id='word_1_3' title='bbox 519 573 898 668; x_wconf 84' lang='lat' dir='ltr'><strong>argumenta</strong></span> <span class='ocrx_word' id='word_1_4' title='bbox 951 588 1225 650; x_wconf 78' lang='lat' dir='ltr'>intendit</span> <span class='ocrx_word' id='word_1_5' title='bbox 1279 590 1570 651; x_wconf 78' lang='lat' dir='ltr'><strong>Socrates</strong></span> <span class='ocrx_word' id='word_1_6' title='bbox 1632 588 1711 650; x_wconf 90' lang='lat' dir='ltr'><strong>ad</strong></span> <span class='ocrx_word' id='word_1_7' title='bbox 1770 588 2181 650; x_wconf 79' lang='lat' dir='ltr'><strong>refellendam</strong></span> <span class='ocrx_word' id='word_1_8' title='bbox 2230 590 2681 654; x_wconf 82' lang='lat' dir='ltr'><strong>adolescentuli</strong></span> 
     </span>
     <span class='ocr_line' id='line_1_3' title="bbox 319 686 2681 767; baseline 0.001 -18"><span class='ocrx_word' id='word_1_9' title='bbox 319 686 650 767; x_wconf 89' lang='lat' dir='ltr'><strong>cujusdam</strong></span> <span class='ocrx_word' id='word_1_10' title='bbox 675 687 1104 765; x_wconf 76' lang='lat' dir='ltr'><strong>arrogantiam</strong></span> <span class='ocrx_word' id='word_1_11' title='bbox 1136 686 1325 767; x_wconf 90' lang='lat' dir='ltr'><strong>plane</strong></span> <span class='ocrx_word' id='word_1_12' title='bbox 1357 706 1433 748; x_wconf 88' lang='lat' dir='ltr'><strong>ex</strong></span> <span class='ocrx_word' id='word_1_13' title='bbox 1464 686 1691 748; x_wconf 90' lang='lat' dir='ltr'><strong>intima</strong></span> <span class='ocrx_word' id='word_1_14' title='bbox 1720 687 2104 748; x_wconf 89' lang='lat' dir='ltr'><strong>conscientia</strong></span> <span class='ocrx_word' id='word_1_15' title='bbox 2124 687 2459 766; x_wconf 89' lang='lat' dir='ltr'><strong>cujuslibet</strong></span> <span class='ocrx_word' id='word_1_16' title='bbox 2488 690 2681 752; x_wconf 76' lang='lat' dir='ltr'><strong>Athe-</strong></span> 
     </span>
     <span class='ocr_line' id='line_1_4' title="bbox 322 784 2681 866; baseline 0.001 -22"><span class='ocrx_word' id='word_1_17' title='bbox 322 784 558 846; x_wconf 90' lang='lat' dir='ltr'><strong>niensis</strong></span> <span class='ocrx_word' id='word_1_18' title='bbox 604 785 939 866; x_wconf 79' lang='lat' dir='ltr'><strong>expromit,</strong></span> <span class='ocrx_word' id='word_1_19' title='bbox 986 790 1327 865; x_wconf 88' lang='lat' dir='ltr'><strong>tyrannum</strong></span> <span class='ocrx_word' id='word_1_20' title='bbox 1375 785 1441 845; x_wconf 93' lang='lat' dir='ltr'><strong>in</strong></span> <span class='ocrx_word' id='word_1_21' title='bbox 1488 785 1609 846; x_wconf 93' lang='lat' dir='ltr'><strong>hoc</strong></span> <span class='ocrx_word' id='word_1_22' title='bbox 1650 784 1983 845; x_wconf 87' lang='lat' dir='ltr'><strong>temerario</strong></span> <span class='ocrx_word' id='word_1_23' title='bbox 2025 785 2453 865; x_wconf 78' lang='lat' dir='ltr'><strong>sophistarum</strong></span> <span class='ocrx_word' id='word_1_24' title='bbox 2492 787 2681 848; x_wconf 89' lang='lat' dir='ltr'><strong>disci-</strong></span> 
     </span>
     <span class='ocr_line' id='line_1_5' title="bbox 321 878 2683 966; baseline 0.001 -23"><span class='ocrx_word' id='word_1_25' title='bbox 321 882 474 963; x_wconf 92' lang='lat' dir='ltr'><strong>pulo</strong></span> <span class='ocrx_word' id='word_1_26' title='bbox 519 882 984 966; x_wconf 78' lang='lat' dir='ltr'><strong>subodorantiS.</strong></span> <span class='ocrx_word' id='word_1_27' title='bbox 1031 882 1214 955; x_wconf 87' lang='lat' dir='ltr'><strong>Quod</strong></span> <span class='ocrx_word' id='word_1_28' title='bbox 1255 902 1402 945; x_wconf 90' lang='lat' dir='ltr'><strong>vero</strong></span> <span class='ocrx_word' id='word_1_29' title='bbox 1442 882 1625 943; x_wconf 87' lang='lat' dir='ltr'><strong>Plato</strong></span> <span class='ocrx_word' id='word_1_30' title='bbox 1667 881 2029 942; x_wconf 76' lang='lat' dir='ltr'><strong>summatim</strong></span> <span class='ocrx_word' id='word_1_31' title='bbox 2075 888 2323 943; x_wconf 84' lang='lat' dir='ltr'><strong>tantum</strong></span> <span class='ocrx_word' id='word_1_32' title='bbox 2364 890 2426 944; x_wconf 89' lang='lat' dir='ltr'><strong>et</strong></span> <span class='ocrx_word' id='word_1_33' title='bbox 2463 878 2683 946; x_wconf 86' lang='lat' dir='ltr'><strong>leviter</strong></span> 
     </span>
     <span class='ocr_line' id='line_1_6' title="bbox 309 978 2683 1062; baseline -0.001 -20"><span class='ocrx_word' id='word_1_34' title='bbox 309 980 478 1043; x_wconf 75' lang='lat' dir='ltr'><strong>alias</strong></span> <span class='ocrx_word' id='word_1_35' title='bbox 508 979 917 1060; x_wconf 80' lang='lat' dir='ltr'><strong>praestringit,</strong></span> <span class='ocrx_word' id='word_1_36' title='bbox 949 980 1116 1041; x_wconf 90' lang='lat' dir='ltr'><strong>idem</strong></span> <span class='ocrx_word' id='word_1_37' title='bbox 1156 987 1372 1062; x_wconf 86' lang='lat' dir='ltr'><strong>aperte</strong></span> <span class='ocrx_word' id='word_1_38' title='bbox 1403 987 1465 1041; x_wconf 91' lang='lat' dir='ltr'><strong>et</strong></span> <span class='ocrx_word' id='word_1_39' title='bbox 1494 980 1629 1041; x_wconf 89' lang='lat' dir='ltr'><strong>sine</strong></span> <span class='ocrx_word' id='word_1_40' title='bbox 1668 978 2045 1057; x_wconf 83' lang='lat' dir='ltr'><strong>ambagibus</strong></span> <span class='ocrx_word' id='word_1_41' title='bbox 2073 978 2138 1039; x_wconf 92' lang='lat' dir='ltr'><strong>in</strong></span> <span class='ocrx_word' id='word_1_42' title='bbox 2173 999 2340 1041; x_wconf 90' lang='lat' dir='ltr'><strong>nono</strong></span> <span class='ocrx_word' id='word_1_43' title='bbox 2370 980 2441 1041; x_wconf 88' lang='lat' dir='ltr'><strong>de</strong></span> <span class='ocrx_word' id='word_1_44' title='bbox 2471 979 2683 1062; x_wconf 78' lang='lat' dir='ltr'><strong>Repu-</strong></span> 
     </span>
     <span class='ocr_line' id='line_1_7' title="bbox 322 1070 2679 1161; baseline 0 -23"><span class='ocrx_word' id='word_1_45' title='bbox 322 1070 486 1139; x_wconf 67' lang='lat' dir='ltr'><strong>blicc&#39;z</strong></span> <span class='ocrx_word' id='word_1_46' title='bbox 526 1077 689 1139; x_wconf 88' lang='lat' dir='ltr'><strong>libro</strong></span> <span class='ocrx_word' id='word_1_47' title='bbox 729 1078 1025 1158; x_wconf 86' lang='lat' dir='ltr'><strong>explicat,</strong></span> <span class='ocrx_word' id='word_1_48' title='bbox 1071 1078 1178 1138; x_wconf 94' lang='lat' dir='ltr'><strong>ubi</strong></span> <span class='ocrx_word' id='word_1_49' title='bbox 1224 1077 1516 1161; x_wconf 78' lang='lat' dir='ltr'><strong>subtilius</strong></span> <span class='ocrx_word' id='word_1_50' title='bbox 1558 1096 1690 1137; x_wconf 88' lang='lat' dir='ltr'><strong>rem</strong></span> <span class='ocrx_word' id='word_1_51' title='bbox 1737 1082 2169 1157; x_wconf 77' lang='lat' dir='ltr'><strong>perscrutatur</strong></span> <span class='ocrx_word' id='word_1_52' title='bbox 2200 1084 2263 1137; x_wconf 90' lang='lat' dir='ltr'><strong>et</strong></span> <span class='ocrx_word' id='word_1_53' title='bbox 2296 1076 2504 1138; x_wconf 67' lang='lat' dir='ltr'><strong>vivida</strong></span> <span class='ocrx_word' id='word_1_54' title='bbox 2543 1077 2679 1139; x_wconf 91' lang='lat' dir='ltr'><strong>elo-</strong></span> 
     </span>
     <span class='ocr_line' id='line_1_8' title="bbox 319 1156 2683 1257; baseline 0 -22"><span class='ocrx_word' id='word_1_55' title='bbox 319 1176 580 1257; x_wconf 88' lang='lat' dir='ltr'><strong>quentia</strong></span> <span class='ocrx_word' id='word_1_56' title='bbox 618 1175 682 1235; x_wconf 92' lang='lat' dir='ltr'><strong>in</strong></span> <span class='ocrx_word' id='word_1_57' title='bbox 723 1174 928 1236; x_wconf 88' lang='lat' dir='ltr'><strong>lucem</strong></span> <span class='ocrx_word' id='word_1_58' title='bbox 975 1156 1340 1256; x_wconf 52' lang='lat' dir='ltr'><strong>profertfln</strong></span> <span class='ocrx_word' id='word_1_59' title='bbox 1384 1194 1510 1256; x_wconf 92' lang='lat' dir='ltr'><strong>quo</strong></span> <span class='ocrx_word' id='word_1_60' title='bbox 1562 1175 1899 1255; x_wconf 78' lang='lat' dir='ltr'><strong>profitetur</strong></span> <span class='ocrx_word' id='word_1_61' title='bbox 1940 1173 2095 1235; x_wconf 86' lang='lat' dir='ltr'><strong>duas</strong></span> <span class='ocrx_word' id='word_1_62' title='bbox 2139 1192 2271 1235; x_wconf 89' lang='lat' dir='ltr'><strong>esse</strong></span> <span class='ocrx_word' id='word_1_63' title='bbox 2310 1193 2532 1236; x_wconf 86' lang='lat' dir='ltr'><strong>causas</strong></span> <span class='ocrx_word' id='word_1_64' title='bbox 2570 1194 2683 1236; x_wconf 87' lang='lat' dir='ltr'><strong>cur</strong></span> 
     </span>
     <span class='ocr_line' id='line_1_9' title="bbox 321 1272 2677 1354; baseline 0 -21"><span class='ocrx_word' id='word_1_65' title='bbox 321 1274 478 1333; x_wconf 77' lang='lat' dir='ltr'><strong>flant</strong></span> <span class='ocrx_word' id='word_1_66' title='bbox 526 1274 798 1354; x_wconf 81' lang='lat' dir='ltr'><strong>tyranni,</strong></span> <span class='ocrx_word' id='word_1_67' title='bbox 833 1291 1108 1352; x_wconf 85' lang='lat' dir='ltr'><strong>quarum</strong></span> <span class='ocrx_word' id='word_1_68' title='bbox 1146 1272 1418 1335; x_wconf 87' lang='lat' dir='ltr'><strong>alteram</strong></span> <span class='ocrx_word' id='word_1_69' title='bbox 1453 1273 1790 1350; x_wconf 77' lang='lat' dir='ltr'><strong>inveneriS,</strong></span> <span class='ocrx_word' id='word_1_70' title='bbox 1832 1272 1882 1331; x_wconf 88' lang='lat' dir='ltr'><strong>si</strong></span> <span class='ocrx_word' id='word_1_71' title='bbox 1919 1277 2334 1351; x_wconf 88' lang='lat' dir='ltr'><strong>tyrannorum</strong></span> <span class='ocrx_word' id='word_1_72' title='bbox 2382 1280 2677 1347; x_wconf 80' lang='lat' dir='ltr'><strong>mentem,</strong></span> 
     </span>
     <span class='ocr_line' id='line_1_10' title="bbox 317 1368 2683 1451; baseline 0.001 -22"><span class='ocrx_word' id='word_1_73' title='bbox 317 1370 529 1451; x_wconf 87' lang='lat' dir='ltr'><strong>qualis</strong></span> <span class='ocrx_word' id='word_1_74' title='bbox 578 1371 679 1448; x_wconf 87' lang='lat' dir='ltr'><strong>sit,</strong></span> <span class='ocrx_word' id='word_1_75' title='bbox 733 1371 994 1431; x_wconf 82' lang='lat' dir='ltr'><strong>alteram</strong></span> <span class='ocrx_word' id='word_1_76' title='bbox 1042 1378 1254 1431; x_wconf 86' lang='lat' dir='ltr'><strong>autem</strong></span> <span class='ocrx_word' id='word_1_77' title='bbox 1300 1369 1351 1430; x_wconf 92' lang='lat' dir='ltr'><strong>si</strong></span> <span class='ocrx_word' id='word_1_78' title='bbox 1400 1368 1621 1451; x_wconf 92' lang='lat' dir='ltr'><strong>populi</strong></span> <span class='ocrx_word' id='word_1_79' title='bbox 1672 1369 1846 1445; x_wconf 86' lang='lat' dir='ltr'><strong>vitia,</strong></span> <span class='ocrx_word' id='word_1_80' title='bbox 1891 1368 2106 1450; x_wconf 87' lang='lat' dir='ltr'><strong>qualia</strong></span> <span class='ocrx_word' id='word_1_81' title='bbox 2153 1369 2298 1448; x_wconf 80' lang='lat' dir='ltr'><strong>sint,</strong></span> <span class='ocrx_word' id='word_1_82' title='bbox 2348 1370 2683 1447; x_wconf 88' lang='lat' dir='ltr'><strong>diligenter</strong></span> 
     </span>
     <span class='ocr_line' id='line_1_11' title="bbox 320 1454 2683 1548; baseline -0.001 -21"><span class='ocrx_word' id='word_1_83' title='bbox 320 1454 862 1548; x_wconf 66' lang='lat' dir='ltr'><strong>inspexerisJUno</strong></span> <span class='ocrx_word' id='word_1_84' title='bbox 903 1466 1139 1529; x_wconf 88' lang='lat' dir='ltr'><strong>scilicet</strong></span> <span class='ocrx_word' id='word_1_85' title='bbox 1183 1467 1328 1546; x_wconf 82' lang='lat' dir='ltr'><strong>styli</strong></span> <span class='ocrx_word' id='word_1_86' title='bbox 1377 1468 1568 1528; x_wconf 91' lang='lat' dir='ltr'><strong>ductu</strong></span> <span class='ocrx_word' id='word_1_87' title='bbox 1610 1465 1929 1527; x_wconf 83' lang='lat' dir='ltr'><strong>societatis</strong></span> <span class='ocrx_word' id='word_1_88' title='bbox 1972 1466 2249 1545; x_wconf 74' lang='lat' dir='ltr'><strong>antiquae</strong></span> <span class='ocrx_word' id='word_1_89' title='bbox 2301 1468 2583 1527; x_wconf 85' lang='lat' dir='ltr'><strong>miserias</strong></span> <span class='ocrx_word' id='word_1_90' title='bbox 2623 1473 2683 1527; x_wconf 88' lang='lat' dir='ltr'><strong>et</strong></span> 
     </span>
     <span class='ocr_line' id='line_1_12' title="bbox 320 1563 2677 1647; baseline 0 -22"><span class='ocrx_word' id='word_1_91' title='bbox 320 1564 476 1625; x_wconf 90' lang='lat' dir='ltr'><strong>vitia</strong></span> <span class='ocrx_word' id='word_1_92' title='bbox 504 1565 686 1626; x_wconf 92' lang='lat' dir='ltr'><strong>nobis</strong></span> <span class='ocrx_word' id='word_1_93' title='bbox 715 1564 942 1646; x_wconf 86' lang='lat' dir='ltr'><strong>aperit,</strong></span> <span class='ocrx_word' id='word_1_94' title='bbox 967 1571 1314 1647; x_wconf 89' lang='lat' dir='ltr'><strong>tyrannum</strong></span> <span class='ocrx_word' id='word_1_95' title='bbox 1346 1583 1487 1625; x_wconf 91' lang='lat' dir='ltr'><strong>cum</strong></span> <span class='ocrx_word' id='word_1_96' title='bbox 1518 1565 1768 1644; x_wconf 88' lang='lat' dir='ltr'><strong>privato</strong></span> <span class='ocrx_word' id='word_1_97' title='bbox 1798 1564 1932 1625; x_wconf 87' lang='lat' dir='ltr'><strong>viro</strong></span> <span class='ocrx_word' id='word_1_98' title='bbox 1960 1582 2384 1643; x_wconf 87' lang='lat' dir='ltr'><strong>componens:</strong></span> <span class='ocrx_word' id='word_1_99' title='bbox 2414 1563 2514 1626; x_wconf 92' lang='lat' dir='ltr'><strong>hic</strong></span> <span class='ocrx_word' id='word_1_100' title='bbox 2540 1564 2677 1646; x_wconf 85' lang='lat' dir='ltr'><strong>plu-</strong></span> 
     </span>
     <span class='ocr_line' id='line_1_13' title="bbox 319 1660 2681 1743; baseline 0.001 -22"><span class='ocrx_word' id='word_1_101' title='bbox 319 1662 496 1722; x_wconf 78' lang='lat' dir='ltr'><strong>rImis</strong></span> <span class='ocrx_word' id='word_1_102' title='bbox 551 1662 746 1723; x_wconf 88' lang='lat' dir='ltr'><strong>servis</strong></span> <span class='ocrx_word' id='word_1_103' title='bbox 801 1661 1179 1741; x_wconf 88' lang='lat' dir='ltr'><strong>stipantibus</strong></span> <span class='ocrx_word' id='word_1_104' title='bbox 1222 1662 1287 1722; x_wconf 83' lang='lat' dir='ltr'><strong>in</strong></span> <span class='ocrx_word' id='word_1_105' title='bbox 1336 1680 1557 1723; x_wconf 90' lang='lat' dir='ltr'><strong>eorum</strong></span> <span class='ocrx_word' id='word_1_106' title='bbox 1610 1660 2016 1722; x_wconf 88' lang='lat' dir='ltr'><strong>rebellionem</strong></span> <span class='ocrx_word' id='word_1_107' title='bbox 2070 1660 2329 1721; x_wconf 82' lang='lat' dir='ltr'><strong>fulcitur</strong></span> <span class='ocrx_word' id='word_1_108' title='bbox 2368 1681 2527 1741; x_wconf 91' lang='lat' dir='ltr'><strong>quos</strong></span> <span class='ocrx_word' id='word_1_109' title='bbox 2572 1681 2681 1743; x_wconf 91' lang='lat' dir='ltr'><strong>op—</strong></span> 
     </span>
     <span class='ocr_line' id='line_1_14' title="bbox 318 1756 2679 1838; baseline 0 -20"><span class='ocrx_word' id='word_1_110' title='bbox 318 1758 538 1837; x_wconf 89' lang='lat' dir='ltr'><strong>primit</strong></span> <span class='ocrx_word' id='word_1_111' title='bbox 586 1762 953 1838; x_wconf 83' lang='lat' dir='ltr'><strong>quanquam</strong></span> <span class='ocrx_word' id='word_1_112' title='bbox 1002 1777 1039 1819; x_wconf 93' lang='lat' dir='ltr'><strong>a</strong></span> <span class='ocrx_word' id='word_1_113' title='bbox 1083 1764 1310 1819; x_wconf 88' lang='lat' dir='ltr'><strong>natura</strong></span> <span class='ocrx_word' id='word_1_114' title='bbox 1342 1757 1426 1818; x_wconf 85' lang='lat' dir='ltr'><strong>ad</strong></span> <span class='ocrx_word' id='word_1_115' title='bbox 1454 1757 1809 1818; x_wconf 89' lang='lat' dir='ltr'><strong>libertatem</strong></span> <span class='ocrx_word' id='word_1_116' title='bbox 1849 1762 2125 1830; x_wconf 87' lang='lat' dir='ltr'><strong>creatos;</strong></span> <span class='ocrx_word' id='word_1_117' title='bbox 2160 1756 2263 1817; x_wconf 92' lang='lat' dir='ltr'><strong>ille</strong></span> <span class='ocrx_word' id='word_1_118' title='bbox 2304 1776 2451 1818; x_wconf 86' lang='lat' dir='ltr'><strong>vero</strong></span> <span class='ocrx_word' id='word_1_119' title='bbox 2486 1758 2679 1836; x_wconf 79' lang='lat' dir='ltr'><strong>soluS,</strong></span> 
     </span>
     <span class='ocr_line' id='line_1_15' title="bbox 315 1851 2685 1935; baseline 0 -19"><span class='ocrx_word' id='word_1_120' title='bbox 315 1856 452 1916; x_wconf 90' lang='lat' dir='ltr'><strong>sine</strong></span> <span class='ocrx_word' id='word_1_121' title='bbox 502 1855 751 1935; x_wconf 78' lang='lat' dir='ltr'><strong>opibuS‚</strong></span> <span class='ocrx_word' id='word_1_122' title='bbox 793 1856 926 1915; x_wconf 88' lang='lat' dir='ltr'><strong>sine</strong></span> <span class='ocrx_word' id='word_1_123' title='bbox 972 1853 1290 1935; x_wconf 83' lang='lat' dir='ltr'><strong>praesidiO,</strong></span> <span class='ocrx_word' id='word_1_124' title='bbox 1346 1854 1649 1935; x_wconf 88' lang='lat' dir='ltr'><strong>populum</strong></span> <span class='ocrx_word' id='word_1_125' title='bbox 1706 1872 1954 1933; x_wconf 89' lang='lat' dir='ltr'><strong>semper</strong></span> <span class='ocrx_word' id='word_1_126' title='bbox 1990 1851 2070 1913; x_wconf 90' lang='lat' dir='ltr'><strong>ad</strong></span> <span class='ocrx_word' id='word_1_127' title='bbox 2126 1854 2501 1915; x_wconf 80' lang='lat' dir='ltr'><strong>vindicanda</strong></span> <span class='ocrx_word' id='word_1_128' title='bbox 2536 1855 2685 1933; x_wconf 89' lang='lat' dir='ltr'><strong>jura</strong></span> 
     </span>
     <span class='ocr_line' id='line_1_16' title="bbox 318 1951 2683 2033; baseline -0.001 -19"><span class='ocrx_word' id='word_1_129' title='bbox 318 1957 616 2033; x_wconf 90' lang='lat' dir='ltr'><strong>paratum</strong></span> <span class='ocrx_word' id='word_1_130' title='bbox 647 1952 1007 2033; x_wconf 89' lang='lat' dir='ltr'><strong>nulliusque</strong></span> <span class='ocrx_word' id='word_1_131' title='bbox 1048 1952 1358 2013; x_wconf 81' lang='lat' dir='ltr'><strong>molestiae</strong></span> <span class='ocrx_word' id='word_1_132' title='bbox 1399 1952 1743 2032; x_wconf 89' lang='lat' dir='ltr'><strong>patientem</strong></span> <span class='ocrx_word' id='word_1_133' title='bbox 1786 1956 2033 2012; x_wconf 89' lang='lat' dir='ltr'><strong>coercet</strong></span> <span class='ocrx_word' id='word_1_134' title='bbox 2073 1968 2146 2011; x_wconf 88' lang='lat' dir='ltr'><strong>ac</strong></span> <span class='ocrx_word' id='word_1_135' title='bbox 2190 1951 2579 2011; x_wconf 86' lang='lat' dir='ltr'><strong>moderatur.</strong></span> <span class='ocrx_word' id='word_1_136' title='bbox 2612 1953 2683 2012; x_wconf 89' lang='lat' dir='ltr'><strong>In</strong></span> 
     </span>
     <span class='ocr_line' id='line_1_17' title="bbox 321 2048 2684 2129; baseline 0.001 -20"><span class='ocrx_word' id='word_1_137' title='bbox 321 2050 462 2112; x_wconf 92' lang='lat' dir='ltr'><strong>loco</strong></span> <span class='ocrx_word' id='word_1_138' title='bbox 499 2048 825 2111; x_wconf 90' lang='lat' dir='ltr'><strong>notissimo</strong></span> <span class='ocrx_word' id='word_1_139' title='bbox 861 2050 970 2129; x_wconf 88' lang='lat' dir='ltr'><strong>qui</strong></span> <span class='ocrx_word' id='word_1_140' title='bbox 1000 2050 1131 2111; x_wconf 80' lang='lat' dir='ltr'><strong>fere</strong></span> <span class='ocrx_word' id='word_1_141' title='bbox 1174 2050 1253 2111; x_wconf 90' lang='lat' dir='ltr'><strong>ab</strong></span> <span class='ocrx_word' id='word_1_142' title='bbox 1295 2050 1591 2111; x_wconf 91' lang='lat' dir='ltr'><strong>omnibus</strong></span> <span class='ocrx_word' id='word_1_143' title='bbox 1624 2049 1747 2109; x_wconf 93' lang='lat' dir='ltr'><strong>illis</strong></span> <span class='ocrx_word' id='word_1_144' title='bbox 1787 2048 2169 2129; x_wconf 89' lang='lat' dir='ltr'><strong>perscriptus</strong></span> <span class='ocrx_word' id='word_1_145' title='bbox 2202 2054 2307 2109; x_wconf 86' lang='lat' dir='ltr'><strong>aut</strong></span> <span class='ocrx_word' id='word_1_146' title='bbox 2345 2050 2684 2111; x_wconf 86' lang='lat' dir='ltr'><strong>translatus</strong></span> 
     </span>
     <span class='ocr_line' id='line_1_18' title="bbox 322 2146 2745 2228; baseline 0 -20"><span class='ocrx_word' id='word_1_147' title='bbox 322 2152 419 2208; x_wconf 88' lang='lat' dir='ltr'><strong>est</strong></span> <span class='ocrx_word' id='word_1_148' title='bbox 469 2148 579 2226; x_wconf 89' lang='lat' dir='ltr'><strong>qui</strong></span> <span class='ocrx_word' id='word_1_149' title='bbox 620 2147 1029 2227; x_wconf 81' lang='lat' dir='ltr'><strong>tyrannicidii</strong></span> <span class='ocrx_word' id='word_1_150' title='bbox 1075 2147 1499 2228; x_wconf 88' lang='lat' dir='ltr'><strong>patrocinium</strong></span> <span class='ocrx_word' id='word_1_151' title='bbox 1549 2153 1985 2227; x_wconf 90' lang='lat' dir='ltr'><strong>susceperunt,</strong></span> <span class='ocrx_word' id='word_1_152' title='bbox 2026 2146 2209 2207; x_wconf 88' lang='lat' dir='ltr'><strong>Plato</strong></span> <span class='ocrx_word' id='word_1_153' title='bbox 2256 2148 2477 2208; x_wconf 90' lang='lat' dir='ltr'><strong>matris</strong></span> <span class='ocrx_word' id='word_1_154' title='bbox 2525 2147 2681 2208; x_wconf 85' lang='lat' dir='ltr'><strong>caedi</strong></span> <span class='ocrx_word' id='word_1_155' title='bbox 2736 2172 2745 2179; x_wconf 93' lang='lat'>·</span> 
     </span>
     <span class='ocr_line' id='line_1_19' title="bbox 325 2242 2685 2324; baseline 0 -20"><span class='ocrx_word' id='word_1_156' title='bbox 325 2243 684 2323; x_wconf 84' lang='lat' dir='ltr'><strong>aequiparat</strong></span> <span class='ocrx_word' id='word_1_157' title='bbox 707 2244 960 2324; x_wconf 83' lang='lat' dir='ltr'><strong>tyranni</strong></span> <span class='ocrx_word' id='word_1_158' title='bbox 987 2244 1050 2303; x_wconf 89' lang='lat' dir='ltr'><strong>in</strong></span> <span class='ocrx_word' id='word_1_159' title='bbox 1081 2243 1353 2324; x_wconf 89' lang='lat' dir='ltr'><strong>patriam</strong></span> <span class='ocrx_word' id='word_1_160' title='bbox 1383 2244 1681 2317; x_wconf 76' lang='lat' dir='ltr'><strong>saevitiaS,</strong></span> <span class='ocrx_word' id='word_1_161' title='bbox 1710 2250 1773 2304; x_wconf 92' lang='lat' dir='ltr'><strong>et</strong></span> <span class='ocrx_word' id='word_1_162' title='bbox 1794 2243 1935 2305; x_wconf 90' lang='lat' dir='ltr'><strong>ideo</strong></span> <span class='ocrx_word' id='word_1_163' title='bbox 1959 2242 2363 2322; x_wconf 83' lang='lat' dir='ltr'><strong>gravissimas</strong></span> <span class='ocrx_word' id='word_1_164' title='bbox 2388 2243 2685 2305; x_wconf 68' lang='lat' dir='ltr'><strong>humana}</strong></span> 
     </span>
     <span class='ocr_line' id='line_1_20' title="bbox 317 2340 2681 2422; baseline -0 -19"><span class='ocrx_word' id='word_1_165' title='bbox 317 2340 580 2420; x_wconf 86' lang='lat' dir='ltr'><strong>justitiae</strong></span> <span class='ocrx_word' id='word_1_166' title='bbox 623 2360 846 2422; x_wconf 84' lang='lat' dir='ltr'><strong>poenas</strong></span> <span class='ocrx_word' id='word_1_167' title='bbox 884 2341 950 2401; x_wconf 93' lang='lat' dir='ltr'><strong>in</strong></span> <span class='ocrx_word' id='word_1_168' title='bbox 991 2342 1320 2422; x_wconf 81' lang='lat' dir='ltr'><strong>potcstatis</strong></span> <span class='ocrx_word' id='word_1_169' title='bbox 1370 2342 1605 2421; x_wconf 84' lang='lat' dir='ltr'><strong>iniquae</strong></span> <span class='ocrx_word' id='word_1_170' title='bbox 1658 2342 2051 2402; x_wconf 87' lang='lat' dir='ltr'><strong>conditorem</strong></span> <span class='ocrx_word' id='word_1_171' title='bbox 2108 2359 2369 2402; x_wconf 90' lang='lat' dir='ltr'><strong>evocare</strong></span> <span class='ocrx_word' id='word_1_172' title='bbox 2414 2340 2681 2402; x_wconf 87' lang='lat' dir='ltr'><strong>videtur.</strong></span> 
     </span>
     <span class='ocr_line' id='line_1_21' title="bbox 325 2437 2686 2519; baseline 0 -21"><span class='ocrx_word' id='word_1_173' title='bbox 325 2440 475 2499; x_wconf 79' lang='lat' dir='ltr'><strong>Haec</strong></span> <span class='ocrx_word' id='word_1_174' title='bbox 495 2445 678 2499; x_wconf 88' lang='lat' dir='ltr'><strong>erant</strong></span> <span class='ocrx_word' id='word_1_175' title='bbox 707 2445 1106 2519; x_wconf 82' lang='lat' dir='ltr'><strong>argumenta,</strong></span> <span class='ocrx_word' id='word_1_176' title='bbox 1132 2439 1230 2500; x_wconf 87' lang='lat' dir='ltr'><strong>hae</strong></span> <span class='ocrx_word' id='word_1_177' title='bbox 1264 2439 1657 2501; x_wconf 88' lang='lat' dir='ltr'><strong>hortationes</strong></span> <span class='ocrx_word' id='word_1_178' title='bbox 1683 2457 1824 2519; x_wconf 87' lang='lat' dir='ltr'><strong>quae</strong></span> <span class='ocrx_word' id='word_1_179' title='bbox 1857 2438 2078 2500; x_wconf 81' lang='lat' dir='ltr'><strong>ess&#39;erre</strong></span> <span class='ocrx_word' id='word_1_180' title='bbox 2106 2437 2432 2498; x_wconf 85' lang='lat' dir='ltr'><strong>ardentem</strong></span> <span class='ocrx_word' id='word_1_181' title='bbox 2455 2438 2686 2518; x_wconf 89' lang='lat' dir='ltr'><strong>juven-</strong></span> 
     </span>
     <span class='ocr_line' id='line_1_22' title="bbox 325 2535 2253 2616; baseline 0.001 -19"><span class='ocrx_word' id='word_1_182' title='bbox 325 2541 526 2597; x_wconf 88' lang='lat' dir='ltr'><strong>tutem</strong></span> <span class='ocrx_word' id='word_1_183' title='bbox 557 2542 621 2597; x_wconf 91' lang='lat' dir='ltr'><strong>et</strong></span> <span class='ocrx_word' id='word_1_184' title='bbox 647 2536 728 2596; x_wconf 88' lang='lat' dir='ltr'><strong>ad</strong></span> <span class='ocrx_word' id='word_1_185' title='bbox 759 2535 994 2597; x_wconf 81' lang='lat' dir='ltr'><strong>caedem</strong></span> <span class='ocrx_word' id='word_1_186' title='bbox 1023 2535 1237 2598; x_wconf 91' lang='lat' dir='ltr'><strong>animo</strong></span> <span class='ocrx_word' id='word_1_187' title='bbox 1267 2537 1608 2598; x_wconf 84' lang='lat' dir='ltr'><strong>fovendam</strong></span> <span class='ocrx_word' id='word_1_188' title='bbox 1641 2535 1901 2597; x_wconf 87' lang='lat' dir='ltr'><strong>incitare</strong></span> <span class='ocrx_word' id='word_1_189' title='bbox 1932 2541 2187 2616; x_wconf 85' lang='lat' dir='ltr'><strong>possent</strong></span> <span class='ocrx_word' id='word_1_190' title='bbox 2214 2537 2253 2598; x_wconf 83' lang='lat'><strong>¹.</strong></span> 
     </span>
    </p>

    <p class='ocr_par' dir='ltr' id='par_1_3' title="bbox 324 2632 2687 2888">
     <span class='ocr_line' id='line_1_23' title="bbox 337 2632 2686 2715; baseline 0 -21"><span class='ocrx_word' id='word_1_191' title='bbox 337 2656 348 2666; x_wconf 93' lang='lat'><strong>·</strong></span> <span class='ocrx_word' id='word_1_192' title='bbox 405 2633 772 2695; x_wconf 87' lang='lat' dir='ltr'><strong>Aristoteles</strong></span> <span class='ocrx_word' id='word_1_193' title='bbox 829 2653 1104 2715; x_wconf 90' lang='lat' dir='ltr'><strong>quoque,</strong></span> <span class='ocrx_word' id='word_1_194' title='bbox 1157 2634 1225 2694; x_wconf 91' lang='lat' dir='ltr'><strong>in</strong></span> <span class='ocrx_word' id='word_1_195' title='bbox 1270 2632 1572 2713; x_wconf 74' lang='lat' dir='ltr'><strong>Politica,</strong></span> <span class='ocrx_word' id='word_1_196' title='bbox 1605 2653 1816 2712; x_wconf 86' lang='lat' dir='ltr'><strong>regem</strong></span> <span class='ocrx_word' id='word_1_197' title='bbox 1860 2653 1899 2694; x_wconf 94' lang='lat' dir='ltr'><strong>a</strong></span> <span class='ocrx_word' id='word_1_198' title='bbox 1938 2640 2209 2714; x_wconf 87' lang='lat' dir='ltr'><strong>tyranno</strong></span> <span class='ocrx_word' id='word_1_199' title='bbox 2251 2651 2443 2712; x_wconf 89' lang='lat' dir='ltr'><strong>quam</strong></span> <span class='ocrx_word' id='word_1_200' title='bbox 2492 2632 2686 2696; x_wconf 88' lang='lat' dir='ltr'><strong>soler-</strong></span> 
     </span>
     <span class='ocr_line' id='line_1_24' title="bbox 324 2726 2687 2807; baseline 0 -19"><span class='ocrx_word' id='word_1_201' title='bbox 324 2727 565 2788; x_wconf 86' lang='lat' dir='ltr'><strong>tissime</strong></span> <span class='ocrx_word' id='word_1_202' title='bbox 613 2727 951 2806; x_wconf 85' lang='lat' dir='ltr'><strong>sejungens</strong></span> <span class='ocrx_word' id='word_1_203' title='bbox 994 2726 1059 2787; x_wconf 90' lang='lat' dir='ltr'><strong>in</strong></span> <span class='ocrx_word' id='word_1_204' title='bbox 1101 2728 1268 2788; x_wconf 90' lang='lat' dir='ltr'><strong>hunc</strong></span> <span class='ocrx_word' id='word_1_205' title='bbox 1313 2747 1532 2789; x_wconf 89' lang='lat' dir='ltr'><strong>omnes</strong></span> <span class='ocrx_word' id='word_1_206' title='bbox 1582 2727 1960 2789; x_wconf 88' lang='lat' dir='ltr'><strong>acerbitates</strong></span> <span class='ocrx_word' id='word_1_207' title='bbox 2010 2727 2351 2807; x_wconf 91' lang='lat' dir='ltr'><strong>omniaque</strong></span> <span class='ocrx_word' id='word_1_208' title='bbox 2402 2727 2687 2790; x_wconf 86' lang='lat' dir='ltr'><strong>convicia</strong></span> 
     </span>
     <span class='ocr_line' id='line_1_25' title="bbox 326 2825 737 2888; baseline -0.002 -2"><span class='ocrx_word' id='word_1_209' title='bbox 326 2831 662 2888; x_wconf 87' lang='lat' dir='ltr'><strong>coacervat</strong></span> <span class='ocrx_word' id='word_1_210' title='bbox 693 2825 737 2885; x_wconf 85' lang='lat'><strong>².</strong></span> 
     </span>
    </p>

    <p class='ocr_par' dir='ltr' id='par_1_4' title="bbox 323 2921 2684 3277">
     <span class='ocr_line' id='line_1_26' title="bbox 406 2921 2683 3004; baseline -0.001 -20"><span class='ocrx_word' id='word_1_211' title='bbox 406 2925 530 2985; x_wconf 90' lang='lat' dir='ltr'><strong>Nec</strong></span> <span class='ocrx_word' id='word_1_212' title='bbox 559 2923 822 2984; x_wconf 87' lang='lat' dir='ltr'><strong>Athenis</strong></span> <span class='ocrx_word' id='word_1_213' title='bbox 845 2929 1095 2985; x_wconf 90' lang='lat' dir='ltr'><strong>tantum</strong></span> <span class='ocrx_word' id='word_1_214' title='bbox 1127 2922 1287 2984; x_wconf 90' lang='lat' dir='ltr'><strong>illud</strong></span> <span class='ocrx_word' id='word_1_215' title='bbox 1311 2923 1377 2984; x_wconf 93' lang='lat' dir='ltr'><strong>in</strong></span> <span class='ocrx_word' id='word_1_216' title='bbox 1407 2930 1714 3004; x_wconf 89' lang='lat' dir='ltr'><strong>tyrannos</strong></span> <span class='ocrx_word' id='word_1_217' title='bbox 1745 2923 1960 2984; x_wconf 90' lang='lat' dir='ltr'><strong>odium</strong></span> <span class='ocrx_word' id='word_1_218' title='bbox 1993 2921 2345 3002; x_wconf 89' lang='lat' dir='ltr'><strong>comperias</strong></span> <span class='ocrx_word' id='word_1_219' title='bbox 2377 2941 2573 3002; x_wconf 88' lang='lat' dir='ltr'><strong>usque</strong></span> <span class='ocrx_word' id='word_1_220' title='bbox 2604 2921 2683 2984; x_wconf 91' lang='lat' dir='ltr'><strong>ad</strong></span> 
     </span>
     <span class='ocr_line' id='line_1_27' title="bbox 323 3018 2684 3102; baseline -0.002 -19"><span class='ocrx_word' id='word_1_221' title='bbox 323 3021 563 3083; x_wconf 85' lang='lat' dir='ltr'><strong>caedem</strong></span> <span class='ocrx_word' id='word_1_222' title='bbox 594 3023 987 3101; x_wconf 85' lang='lat' dir='ltr'><strong>prolapsum.</strong></span> <span class='ocrx_word' id='word_1_223' title='bbox 1018 3021 1206 3102; x_wconf 91' lang='lat' dir='ltr'><strong>Apud</strong></span> <span class='ocrx_word' id='word_1_224' title='bbox 1246 3039 1468 3083; x_wconf 90' lang='lat' dir='ltr'><strong>omnes</strong></span> <span class='ocrx_word' id='word_1_225' title='bbox 1497 3020 1784 3082; x_wconf 74' lang='lat' dir='ltr'><strong>civitates</strong></span> <span class='ocrx_word' id='word_1_226' title='bbox 1814 3039 2056 3100; x_wconf 67' lang='lat' dir='ltr'><strong>graecas</strong></span> <span class='ocrx_word' id='word_1_227' title='bbox 2094 3037 2272 3100; x_wconf 84' lang='lat' dir='ltr'><strong>aeque</strong></span> <span class='ocrx_word' id='word_1_228' title='bbox 2304 3018 2386 3079; x_wconf 87' lang='lat' dir='ltr'><strong>ad</strong></span> <span class='ocrx_word' id='word_1_229' title='bbox 2414 3019 2684 3081; x_wconf 86' lang='lat' dir='ltr'><strong>laudan-</strong></span> 
     </span>
     <span class='ocr_line' id='line_1_28' title="bbox 323 3116 2682 3199; baseline -0 -20"><span class='ocrx_word' id='word_1_230' title='bbox 323 3119 478 3180; x_wconf 91' lang='lat' dir='ltr'><strong>dum</strong></span> <span class='ocrx_word' id='word_1_231' title='bbox 508 3125 572 3180; x_wconf 86' lang='lat' dir='ltr'><strong>et</strong></span> <span class='ocrx_word' id='word_1_232' title='bbox 601 3119 826 3179; x_wconf 90' lang='lat' dir='ltr'><strong>divinis</strong></span> <span class='ocrx_word' id='word_1_233' title='bbox 857 3120 1039 3199; x_wconf 90' lang='lat' dir='ltr'><strong>quasi</strong></span> <span class='ocrx_word' id='word_1_234' title='bbox 1067 3118 1416 3180; x_wconf 89' lang='lat' dir='ltr'><strong>honoribus</strong></span> <span class='ocrx_word' id='word_1_235' title='bbox 1447 3118 1881 3180; x_wconf 82' lang='lat' dir='ltr'><strong>extollendum</strong></span> <span class='ocrx_word' id='word_1_236' title='bbox 1916 3116 2419 3197; x_wconf 84' lang='lat' dir='ltr'><strong>tyrannicidium·</strong></span> <span class='ocrx_word' id='word_1_237' title='bbox 2438 3136 2682 3198; x_wconf 87' lang='lat' dir='ltr'><strong>proces·</strong></span> 
     </span>
     <span class='ocr_line' id='line_1_29' title="bbox 323 3218 658 3277; baseline 0 -1"><span class='ocrx_word' id='word_1_238' title='bbox 323 3235 464 3277; x_wconf 89' lang='lat' dir='ltr'><strong>sum</strong></span> <span class='ocrx_word' id='word_1_239' title='bbox 497 3222 590 3276; x_wconf 88' lang='lat' dir='ltr'><strong>est</strong></span> <span class='ocrx_word' id='word_1_240' title='bbox 613 3218 658 3276; x_wconf 84' lang='lat'><strong>³.</strong></span> 
     </span>
    </p>

    <p class='ocr_par' dir='ltr' id='par_1_5' title="bbox 315 3311 2682 4074">
     <span class='ocr_line' id='line_1_30' title="bbox 405 3311 2682 3395; baseline 0 -22"><span class='ocrx_word' id='word_1_241' title='bbox 405 3311 659 3373; x_wconf 89' lang='lat' dir='ltr'><strong>Nullum</strong></span> <span class='ocrx_word' id='word_1_242' title='bbox 708 3312 838 3374; x_wconf 88' lang='lat' dir='ltr'><strong>fere</strong></span> <span class='ocrx_word' id='word_1_243' title='bbox 889 3312 1168 3393; x_wconf 87' lang='lat' dir='ltr'><strong>reperias</strong></span> <span class='ocrx_word' id='word_1_244' title='bbox 1226 3313 1393 3395; x_wconf 88' lang='lat' dir='ltr'><strong>apud</strong></span> <span class='ocrx_word' id='word_1_245' title='bbox 1437 3315 1687 3374; x_wconf 76' lang='lat' dir='ltr'><strong>Graecos</strong></span> <span class='ocrx_word' id='word_1_246' title='bbox 1735 3313 2129 3391; x_wconf 89' lang='lat' dir='ltr'><strong>scriptorem,</strong></span> <span class='ocrx_word' id='word_1_247' title='bbox 2175 3311 2284 3392; x_wconf 91' lang='lat' dir='ltr'><strong>qui</strong></span> <span class='ocrx_word' id='word_1_248' title='bbox 2325 3311 2446 3371; x_wconf 88' lang='lat' dir='ltr'><strong>hac</strong></span> <span class='ocrx_word' id='word_1_249' title='bbox 2500 3311 2576 3371; x_wconf 89' lang='lat' dir='ltr'><strong>de</strong></span> <span class='ocrx_word' id='word_1_250' title='bbox 2617 3329 2682 3373; x_wconf 86' lang='lat' dir='ltr'><strong>re</strong></span> 
     </span>
     <span class='ocr_line' id='line_1_31' title="bbox 325 3407 2680 3491; baseline -0.002 -20"><span class='ocrx_word' id='word_1_251' title='bbox 325 3411 577 3491; x_wconf 89' lang='lat' dir='ltr'><strong>parcius</strong></span> <span class='ocrx_word' id='word_1_252' title='bbox 628 3410 829 3488; x_wconf 82' lang='lat' dir='ltr'><strong>egerit</strong></span> <span class='ocrx_word' id='word_1_253' title='bbox 872 3409 972 3471; x_wconf 89' lang='lat' dir='ltr'><strong>vel</strong></span> <span class='ocrx_word' id='word_1_254' title='bbox 1035 3410 1224 3471; x_wconf 87' lang='lat' dir='ltr'><strong>alicui</strong></span> <span class='ocrx_word' id='word_1_255' title='bbox 1278 3409 1571 3488; x_wconf 84' lang='lat' dir='ltr'><strong>religioni</strong></span> <span class='ocrx_word' id='word_1_256' title='bbox 1626 3409 1959 3470; x_wconf 89' lang='lat' dir='ltr'><strong>indulserit</strong></span> <span class='ocrx_word' id='word_1_257' title='bbox 2013 3426 2209 3488; x_wconf 90' lang='lat' dir='ltr'><strong>quum</strong></span> <span class='ocrx_word' id='word_1_258' title='bbox 2259 3407 2680 3487; x_wconf 90' lang='lat' dir='ltr'><strong>periculosum</strong></span> 
     </span>
     <span class='ocr_line' id='line_1_32' title="bbox 323 3506 2680 3587; baseline -0.001 -19"><span class='ocrx_word' id='word_1_259' title='bbox 323 3508 506 3568; x_wconf 89' lang='lat' dir='ltr'><strong>illum</strong></span> <span class='ocrx_word' id='word_1_260' title='bbox 539 3507 900 3587; x_wconf 79' lang='lat' dir='ltr'><strong>reipublicae</strong></span> <span class='ocrx_word' id='word_1_261' title='bbox 933 3508 1262 3570; x_wconf 82' lang='lat' dir='ltr'><strong>servandae</strong></span> <span class='ocrx_word' id='word_1_262' title='bbox 1297 3509 1554 3568; x_wconf 90' lang='lat' dir='ltr'><strong>modum</strong></span> <span class='ocrx_word' id='word_1_263' title='bbox 1598 3513 1921 3580; x_wconf 84' lang='lat' dir='ltr'><strong>tractaret,</strong></span> <span class='ocrx_word' id='word_1_264' title='bbox 1955 3525 2082 3586; x_wconf 90' lang='lat' dir='ltr'><strong>quo</strong></span> <span class='ocrx_word' id='word_1_265' title='bbox 2113 3506 2385 3567; x_wconf 84' lang='lat' dir='ltr'><strong>efficitur</strong></span> <span class='ocrx_word' id='word_1_266' title='bbox 2413 3512 2485 3566; x_wconf 92' lang='lat' dir='ltr'><strong>ut</strong></span> <span class='ocrx_word' id='word_1_267' title='bbox 2513 3506 2680 3566; x_wconf 86' lang='lat' dir='ltr'><strong>idem</strong></span> 
     </span>
     <span class='ocr_line' id='line_1_33' title="bbox 325 3603 2681 3684; baseline -0.001 -18"><span class='ocrx_word' id='word_1_268' title='bbox 325 3624 454 3666; x_wconf 86' lang='lat' dir='ltr'><strong>nna</strong></span> <span class='ocrx_word' id='word_1_269' title='bbox 511 3611 862 3678; x_wconf 86' lang='lat' dir='ltr'><strong>accusator,</strong></span> <span class='ocrx_word' id='word_1_270' title='bbox 911 3604 1110 3684; x_wconf 83' lang='lat' dir='ltr'><strong>judex</strong></span> <span class='ocrx_word' id='word_1_271' title='bbox 1161 3611 1224 3666; x_wconf 91' lang='lat' dir='ltr'><strong>et</strong></span> <span class='ocrx_word' id='word_1_272' title='bbox 1280 3605 1560 3666; x_wconf 83' lang='lat' dir='ltr'><strong>carnifex</strong></span> <span class='ocrx_word' id='word_1_273' title='bbox 1619 3603 1881 3666; x_wconf 87' lang='lat' dir='ltr'><strong>arbitrio</strong></span> <span class='ocrx_word' id='word_1_274' title='bbox 1928 3622 2043 3665; x_wconf 92' lang='lat' dir='ltr'><strong>suo</strong></span> <span class='ocrx_word' id='word_1_275' title='bbox 2101 3603 2361 3675; x_wconf 84' lang='lat' dir='ltr'><strong>evadat;</strong></span> <span class='ocrx_word' id='word_1_276' title='bbox 2422 3603 2521 3664; x_wconf 87' lang='lat' dir='ltr'><strong>vel</strong></span> <span class='ocrx_word' id='word_1_277' title='bbox 2574 3603 2681 3682; x_wconf 89' lang='lat' dir='ltr'><strong>qui</strong></span> 
     </span>
     <span class='ocr_line' id='line_1_34' title="bbox 321 3701 2681 3783; baseline -0.002 -20"><span class='ocrx_word' id='word_1_278' title='bbox 321 3721 616 3782; x_wconf 83' lang='lat' dir='ltr'><strong>expresse</strong></span> <span class='ocrx_word' id='word_1_279' title='bbox 646 3701 803 3763; x_wconf 92' lang='lat' dir='ltr'><strong>illud</strong></span> <span class='ocrx_word' id='word_1_280' title='bbox 835 3703 1080 3764; x_wconf 84' lang='lat' dir='ltr'><strong>facinus</strong></span> <span class='ocrx_word' id='word_1_281' title='bbox 1107 3703 1442 3783; x_wconf 87' lang='lat' dir='ltr'><strong>respuerit,</strong></span> <span class='ocrx_word' id='word_1_282' title='bbox 1475 3721 1609 3782; x_wconf 82' lang='lat' dir='ltr'><strong>prae</strong></span> <span class='ocrx_word' id='word_1_283' title='bbox 1640 3721 1707 3762; x_wconf 90' lang='lat' dir='ltr'><strong>se</strong></span> <span class='ocrx_word' id='word_1_284' title='bbox 1745 3709 2030 3763; x_wconf 88' lang='lat' dir='ltr'><strong>sanctam</strong></span> <span class='ocrx_word' id='word_1_285' title='bbox 2071 3701 2249 3762; x_wconf 91' lang='lat' dir='ltr'><strong>illam</strong></span> <span class='ocrx_word' id='word_1_286' title='bbox 2279 3709 2342 3761; x_wconf 87' lang='lat' dir='ltr'><strong>et</strong></span> <span class='ocrx_word' id='word_1_287' title='bbox 2370 3718 2681 3761; x_wconf 85' lang='lat' dir='ltr'><strong>veneran-</strong></span> 
     </span>
     <span class='ocr_line' id='line_1_35' title="bbox 324 3797 2677 3880; baseline -0.001 -20"><span class='ocrx_word' id='word_1_288' title='bbox 324 3800 472 3860; x_wconf 85' lang='lat' dir='ltr'><strong>dam</strong></span> <span class='ocrx_word' id='word_1_289' title='bbox 505 3799 712 3879; x_wconf 87' lang='lat' dir='ltr'><strong>legem</strong></span> <span class='ocrx_word' id='word_1_290' title='bbox 750 3800 957 3861; x_wconf 84' lang='lat' dir='ltr'><strong>ferens</strong></span> <span class='ocrx_word' id='word_1_291' title='bbox 989 3818 1115 3880; x_wconf 91' lang='lat' dir='ltr'><strong>qua</strong></span> <span class='ocrx_word' id='word_1_292' title='bbox 1144 3807 1397 3861; x_wconf 86' lang='lat' dir='ltr'><strong>vetatur</strong></span> <span class='ocrx_word' id='word_1_293' title='bbox 1425 3818 1503 3860; x_wconf 91' lang='lat' dir='ltr'><strong>ne</strong></span> <span class='ocrx_word' id='word_1_294' title='bbox 1534 3800 1676 3880; x_wconf 92' lang='lat' dir='ltr'><strong>quis</strong></span> <span class='ocrx_word' id='word_1_295' title='bbox 1706 3798 1823 3860; x_wconf 88' lang='lat' dir='ltr'><strong>sibi</strong></span> <span class='ocrx_word' id='word_1_296' title='bbox 1854 3798 2053 3859; x_wconf 91' lang='lat' dir='ltr'><strong>ullum</strong></span> <span class='ocrx_word' id='word_1_297' title='bbox 2084 3798 2151 3859; x_wconf 95' lang='lat' dir='ltr'><strong>in</strong></span> <span class='ocrx_word' id='word_1_298' title='bbox 2184 3798 2453 3859; x_wconf 90' lang='lat' dir='ltr'><strong>alienam</strong></span> <span class='ocrx_word' id='word_1_299' title='bbox 2484 3797 2677 3858; x_wconf 87' lang='lat' dir='ltr'><strong>vitam</strong></span> 
     </span>
     <span class='ocr_line' id='line_1_36' title="bbox 315 3894 2679 3977; baseline -0 -20"><span class='ocrx_word' id='word_1_300' title='bbox 315 3896 424 3976; x_wconf 85' lang='lat' dir='ltr'><strong>jus</strong></span> <span class='ocrx_word' id='word_1_301' title='bbox 452 3902 732 3976; x_wconf 55' lang='lat' dir='ltr'><strong>arroget,</strong></span> <span class='ocrx_word' id='word_1_302' title='bbox 762 3894 828 3956; x_wconf 90' lang='lat' dir='ltr'><strong>In</strong></span> <span class='ocrx_word' id='word_1_303' title='bbox 868 3897 1118 3958; x_wconf 87' lang='lat' dir='ltr'><strong>ratione</strong></span> <span class='ocrx_word' id='word_1_304' title='bbox 1153 3903 1215 3958; x_wconf 90' lang='lat' dir='ltr'><strong>et</strong></span> <span class='ocrx_word' id='word_1_305' title='bbox 1245 3897 1310 3956; x_wconf 91' lang='lat' dir='ltr'><strong>in</strong></span> <span class='ocrx_word' id='word_1_306' title='bbox 1345 3916 1486 3972; x_wconf 91' lang='lat' dir='ltr'><strong>usu,</strong></span> <span class='ocrx_word' id='word_1_307' title='bbox 1519 3897 1903 3977; x_wconf 90' lang='lat' dir='ltr'><strong>quicumque</strong></span> <span class='ocrx_word' id='word_1_308' title='bbox 1932 3901 2308 3976; x_wconf 89' lang='lat' dir='ltr'><strong>potestatem</strong></span> <span class='ocrx_word' id='word_1_309' title='bbox 2344 3895 2442 3956; x_wconf 88' lang='lat' dir='ltr'><strong>vel</strong></span> <span class='ocrx_word' id='word_1_310' title='bbox 2472 3895 2679 3975; x_wconf 88' lang='lat' dir='ltr'><strong>specie</strong></span> 
     </span>
     <span class='ocr_line' id='line_1_37' title="bbox 323 3992 2676 4074; baseline 0 -20"><span class='ocrx_word' id='word_1_311' title='bbox 323 3993 424 4055; x_wconf 89' lang='lat' dir='ltr'><strong>vel</strong></span> <span class='ocrx_word' id='word_1_312' title='bbox 463 4013 528 4058; x_wconf 90' lang='lat' dir='ltr'><strong>re</strong></span> <span class='ocrx_word' id='word_1_313' title='bbox 565 4000 955 4074; x_wconf 89' lang='lat' dir='ltr'><strong>occupasset,</strong></span> <span class='ocrx_word' id='word_1_314' title='bbox 993 4000 1174 4056; x_wconf 86' lang='lat' dir='ltr'><strong>extra</strong></span> <span class='ocrx_word' id='word_1_315' title='bbox 1210 3994 1316 4074; x_wconf 89' lang='lat' dir='ltr'><strong>jus</strong></span> <span class='ocrx_word' id='word_1_316' title='bbox 1357 4012 1696 4056; x_wconf 89' lang='lat' dir='ltr'><strong>commune</strong></span> <span class='ocrx_word' id='word_1_317' title='bbox 1739 3992 2194 4055; x_wconf 88' lang='lat' dir='ltr'><strong>detrudebatur</strong></span> <span class='ocrx_word' id='word_1_318' title='bbox 2230 3999 2291 4053; x_wconf 89' lang='lat' dir='ltr'><strong>et</strong></span> <span class='ocrx_word' id='word_1_319' title='bbox 2338 3993 2470 4067; x_wconf 84' lang='lat' dir='ltr'><strong>sine</strong></span> <span class='ocrx_word' id='word_1_320' title='bbox 2510 4011 2676 4073; x_wconf 81' lang='lat' dir='ltr'><strong>prae-</strong></span> 
     </span>
    </p>
   </div>
   <div class='ocr_carea' id='block_1_3' title="bbox 316 4163 2680 4474">
    <p class='ocr_par' dir='ltr' id='par_1_6' title="bbox 316 4163 2680 4474">
     <span class='ocr_line' id='line_1_38' title="bbox 387 4163 2680 4262; baseline 0 -16"><span class='ocrx_word' id='word_1_321' title='bbox 387 4199 431 4246; x_wconf 77' lang='lat' dir='ltr'><strong>i.</strong></span> <span class='ocrx_word' id='word_1_322' title='bbox 467 4197 602 4247; x_wconf 86' lang='lat' dir='ltr'><strong>Vide</strong></span> <span class='ocrx_word' id='word_1_323' title='bbox 641 4196 947 4248; x_wconf 77' lang='lat' dir='ltr'><strong>doctissimi</strong></span> <span class='ocrx_word' id='word_1_324' title='bbox 997 4197 1091 4246; x_wconf 88' lang='lat' dir='ltr'><strong>viri</strong></span> <span class='ocrx_word' id='word_1_325' title='bbox 1139 4163 1316 4262; x_wconf 73' lang='lat' dir='ltr'><strong>Egger</strong></span> <span class='ocrx_word' id='word_1_326' title='bbox 1353 4198 1596 4249; x_wconf 87' lang='lat' dir='ltr'><strong>libellum</strong></span> <span class='ocrx_word' id='word_1_327' title='bbox 1644 4197 1730 4247; x_wconf 90' lang='lat' dir='ltr'><strong>cui</strong></span> <span class='ocrx_word' id='word_1_328' title='bbox 1772 4197 2089 4248; x_wconf 86' lang='lat' dir='ltr'><strong>inscribitur</strong></span> <span class='ocrx_word' id='word_1_329' title='bbox 2123 4215 2136 4248; x_wconf 74' lang='grc' dir='ltr'><strong>ε</strong></span> <span class='ocrx_word' id='word_1_330' title='bbox 2176 4186 2374 4247; x_wconf 77' lang='lat' dir='ltr'><strong>Etudes</strong></span> <span class='ocrx_word' id='word_1_331' title='bbox 2415 4197 2680 4249; x_wconf 76' lang='lat' dir='ltr'><strong>d’hisloire</strong></span> 
     </span>
     <span class='ocr_line' id='line_1_39' title="bbox 316 4266 1985 4349; baseline 0.001 -32"><span class='ocrx_word' id='word_1_332' title='bbox 316 4269 372 4317; x_wconf 83' lang='lat' dir='ltr'><strong>et</strong></span> <span class='ocrx_word' id='word_1_333' title='bbox 399 4266 464 4317; x_wconf 86' lang='lat' dir='ltr'><strong>de</strong></span> <span class='ocrx_word' id='word_1_334' title='bbox 493 4268 693 4349; x_wconf 56' lang='lat' dir='ltr'><strong>morale</strong></span> <span class='ocrx_word' id='word_1_335' title='bbox 718 4283 810 4318; x_wconf 77' lang='lat' dir='ltr'><strong>sur</strong></span> <span class='ocrx_word' id='word_1_336' title='bbox 840 4267 886 4316; x_wconf 80' lang='lat' dir='ltr'><strong>le</strong></span> <span class='ocrx_word' id='word_1_337' title='bbox 915 4271 1142 4318; x_wconf 79' lang='lat' dir='ltr'><strong>meurtre</strong></span> <span class='ocrx_word' id='word_1_338' title='bbox 1168 4268 1442 4334; x_wconf 77' lang='lat' dir='ltr'><strong>pole&#39;tique.</strong></span> <span class='ocrx_word' id='word_1_339' title='bbox 1468 4269 1659 4328; x_wconf 87' lang='lat' dir='ltr'><strong>Turin,</strong></span> <span class='ocrx_word' id='word_1_340' title='bbox 1688 4269 1827 4328; x_wconf 80' lang='lat'><strong>1866,</strong></span> <span class='ocrx_word' id='word_1_341' title='bbox 1857 4268 1985 4318; x_wconf 83' lang='lat' dir='ltr'><strong>in-4.</strong></span> 
     </span>
     <span class='ocr_line' id='line_1_40' title="bbox 380 4338 1344 4474; baseline 0.003 -16"><span class='ocrx_word' id='word_1_342' title='bbox 380 4339 432 4458; x_wconf 64' lang='grc' dir='ltr'><strong>«ξ.</strong></span> <span class='ocrx_word' id='word_1_343' title='bbox 463 4338 938 4472; x_wconf 37' lang='grc' dir='ltr'><strong>Ιῆἒῗίἒᾟέξῆὶξίοιιω,</strong></span> <span class='ocrx_word' id='word_1_344' title='bbox 967 4409 1034 4471; x_wconf 90' lang='grc' dir='ltr'><strong>ΙΙ,</strong></span> <span class='ocrx_word' id='word_1_345' title='bbox 1063 4411 1124 4460; x_wconf 85' lang='grc'><strong>59</strong></span> <span class='ocrx_word' id='word_1_346' title='bbox 1152 4413 1207 4460; x_wconf 87' lang='lat' dir='ltr'><strong>et</strong></span> <span class='ocrx_word' id='word_1_347' title='bbox 1231 4424 1344 4474; x_wconf 92' lang='lat' dir='ltr'><strong>seq.</strong></span> 
     </span>
    </p>
   </div>
  </div>
 </body>
</html>
