3131 5145
1512 420 1872 487 —110-.

509 557 762 607 Eiusnus.
797 584 857 593 —
899 556 957 605 ln
997 557 1231 620 Adayiis,
1270 557 1558 620 aequalium
1608 556 1856 607 miserias
1897 555 2108 617 effingit
2141 559 2194 605 et
2235 555 2293 604 in
2335 556 2630 606 maximam
2667 560 2881 619 partem

573 628 833 678 invidiam
867 627 1043 691 rejicit
1072 628 1127 676 in
1162 641 1351 693 regum
1394 629 1753 692 iniquitatem.
1783 626 1886 677 Sed
1915 641 2023 677 non
2057 627 2198 677 ultra
2227 641 2390 689 quam
2421 628 2794 679 incusationes
2827 634 2880 680 et

567 704 793 762 questus
818 699 1061 763 procedit
1072 734 2656 752 ...................................................
2729 703 2876 751 23-24

508 798 729 847 Giinson.
769 825 829 855 ,-
859 797 1235 855 Universitatis
1270 797 1587 848 Parisiensis
1616 798 1992 857 cancellariuS,
2027 795 2251 846 Joannis
2287 797 2441 846 Parvi
2472 797 2775 848 doctrinam
2808 798 2874 847 de

574 869 935 931 tyrannicidio
966 869 1328 918 damnandam
1360 883 1480 919 esse
1508 869 1807 933 proclamat
1816 902 2739 924 ..............................
2815 871 2874 919 16

510 969 779 1028 Gnsvmus,
809 967 1017 1017 Grevin.
1042 996 1107 1003 —
1128 966 1468 1031 Tragoediam
1502 968 1578 1015 De
1609 969 1811 1019 Caesare
1841 967 1982 1031 typis
2016 967 2238 1016 mandat
2266 980 2409 1016 anno
2441 968 2581 1016 1562.
2610 958 2870 1030 Tyranni-⁵

571 1038 773 1089 cidium
805 1039 991 1089 laudat
1000 1072 2650 1093 ...................................................
2723 1042 2872 1089 42-44

509 1134 713 1187 Guisms
742 1136 1121 1199 (Franciscus)‚
1155 1136 1404 1199 Franeois
1432 1136 1497 1185 de
1526 1135 1703 1185 Guise.
1737 1164 1797 1173 -
1829 1136 2066 1186 vassiaci
2101 1138 2310 1197 strages
2343 1135 2412 1184 ab
2447 1134 2548 1184 illo·
2570 1139 2782 1199 patrata
2816 1137 2869 1187 in

570 1208 804 1257 inermes
840 1207 1175 1257 calvinistas.
1205 1208 1247 1257 A
1283 1208 1460 1257 Mei-eo
1494 1207 1754 1258 Politroto
1783 1206 2098 1257 interfectus
2110 1240 2656 1257 ..................
2730 1210 2870 1257 32-33

507 1306 728 1355 lissam.
768 1334 829 1342 —
857 1306 1013 1367 Apud
1060 1306 1312 1355 Hebraeos
1342 1305 1447 1355 dici
1481 1309 1662 1370 potest
1699 1304 2130 1368 tyrannicidium
2166 1305 2411 1354 habitum
2457 1318 2572 1354 esse
2603 1306 2867 1367 regnandi

568 1377 989 1427 instrumentum
1002 1407 2676 1430 ......................................................
2751 1378 2868 1426 9-10

507 1476 760 1534 ΗεΝοτιοι,
789 1474 862 1522 les
890 1474 1159 1538 Liqueurs.
1182 1502 1241 1509 —
1270 1474 1395 1523 Post
1429 1471 1636 1523 civilem
1667 1487 1903 1538 pugnam
1936 1473 1988 1521 in
2017 1472 2410 1523 Parisiensihus
2441 1472 2562 1533 viis,
2590 1486 2866 1537 quumque

566 1561 597 1596 a
627 1545 778 1595 Sixto
813 1544 1009 1605 Quinto
1044 1558 1256 1595 summo
1299 1546 1555 1607 pontifice
1594 1545 1649 1594 in
1688 1545 1975 1594 Henricum
2017 1544 2233 1595 tertium
2276 1549 2638 1608 quartumque
2681 1545 2865 1594 fulmi-

568 1622 693 1667 nata
726 1621 905 1665 essent
933 1617 1292 1681 anathemata,
1334 1617 1581 1669 Henotici
1625 1616 1932 1681 scriptoreS,
1964 1617 2055 1679 qui
2099 1617 2359 1666 hactenus
2391 1616 2686 1665 firmissimi
2722 1617 2866 1679 regis

565 1693 993 1751 propugnatores
1016 1689 1247 1750 fuerant,
1268 1702 1300 1738 a
1320 1687 1651 1737 Calvinianis
1679 1687 1974 1739 desumunt
2001 1688 2066 1737 de
2087 1688 2320 1751 politicis
2352 1688 2514 1737 rebus
2543 1692 2866 1750 argumenta

564 1764 616 1809 et
640 1759 893 1817 rationeS,
922 1762 1083 1822 atque
1118 1772 1215 1820 pro
1249 1772 1459 1808 summa
1491 1759 1677 1822 populi
1711 1762 1978 1820 potestate
2012 1763 2066 1809 et
2099 1759 2466 1821 tyrannicidio
2497 1763 2861 1823 propugnant.

564 1830 758 1879 Mirum
805 1830 861 1879 in
908 1829 1129 1879 modum
1177 1828 1456 1893 popularia
1498 1834 1553 1879 et
1591 1831 1949 1880 sacerdotalia
1993 1830 2244 1880 instituta
2281 1832 2616 1880 consociant.
2661 1831 2743 1880 Ab
2785 1832 2866 1881 eis

564 1901 699 1950 inita
730 1904 814 1950 est
841 1902 897 1950 in
927 1901 1129 1963 regiam
1159 1901 1536 1951 auctoritatem
1573 1901 1809 1962 rebellio,
1841 1903 2116 1965 etiamque
2152 1902 2206 1951 in
2249 1902 2411 1952 vitam
2450 1915 2638 1964 regum
2674 1915 2862 1967 perpe·

566 1976 706 2021 trata
740 1972 975 2022 facinora
987 2006 1818 2027 ...........................
1837 2011 1848 2019 .
1866 2008 2729 2027 ............................
2803 1975 2884 2022 Ἳ2·

502 2070 831 2121 sosii-muns
859 2070 1139 2134 (michaei),
1170 2069 1363 2119 nichel
1394 2069 1459 2120 de
1490 2070 1777 2134 Lkospital.
1809 2099 1872 2107 —
1895 2038 2073 2122 Nobili
2105 2076 2285 2121 motus
2329 2072 2708 2133 indignatione
2745 2086 2861 2123 ear-

564 2144 707 2192 mine
760 2142 983 2191 damnat
1036 2144 1292 2191 famosam
1345 2141 1488 2191 illam
1541 2142 1833 2203 lanienam,
1877 2157 1999 2206 quae
2051 2143 2139 2193 die
2196 2143 2695 2194 Sanbartholomaea
2745 2144 2862 2194 vias

564 2213 785 2261 Lutetiae
825 2217 987 2262 noctu
1024 2213 1325 2262 cruentavit
1336 2248 2728 2269 .............................................
2799 2217 2860 2264 35

501 2310 811 2361 Hom-omncs
838 2312 1207 2373 (Franciscus),
1242 2310 1637 2362 Fra-Hotoman.
1675 2340 1734 2349 -
1763 2312 2017 2362 Omnium
2053 2315 2172 2377 ejus
2206 2327 2431 2378 operum
2460 2311 2606 2375 quod
2635 2314 2861 2365 maximi

559 2382 663 2431 fuit
690 2384 950 2431 momenti
980 2382 1045 2431 de
1075 2382 1487 2433 Franco-Gallia
1517 2399 1582 2434 an
1594 2399 1660 2434 no
1688 2386 1806 2433 1573
1835 2384 2039 2434 editum
2063 2399 2373 2447 expressam
2401 2384 2653 2435 factionis
2687 2384 2857 2433 Calvi·

562 2454 736 2502 nianae
775 2454 1039 2502 rationem
1078 2457 1131 2502 et
1160 2453 1457 2503 doctrinam
1499 2456 1734 2504 exhibet.
1766 2456 1826 2504 In
1857 2470 2093 2505 errorem
2138 2457 2204 2505 de
2244 2457 2470 2505 historia
2505 2456 2649 2504 haud
2692 2456 2859 2505 semel

560 2524 876 2587 prolabitur,
904 2524 1174 2589 indigesta
1203 2539 1340 2588 saepe
1380 2527 1686 2578 eruditione
1717 2528 1976 2588 imbutae,
2004 2528 2094 2578 sed
2134 2526 2389 2578 laudabili
2423 2528 2712 2578 verborum
2747 2528 2856 2578 ele-

557 2596 739 2658 gantia
772 2597 1187 2646 commendatur
1219 2599 1357 2647 liber
1366 2634 2636 2655 .........................................
2709 2601 2858 2648 55ι58

492 2693 731 2743 ὖεεοιτε.
759 2721 818 2730 —
851 2694 1234 2744 l-lenoticorum
1274 2695 1492 2745 factioni
1521 2698 1720 2747 favent.
1748 2699 1871 2746 Post
1902 2698 2111 2748 castelli
2141 2699 2366 2757 melnae,
2393 2698 2602 2759 expulsi
2633 2704 2764 2749 sunt
2791 2713 2858 2750 ex

559 2764 833 2826 provincia
867 2769 1086 2818 senatus
1115 2766 1433 2816 Parisiensis
1470 2772 1524 2816 et
1555 2767 1664 2817 fere
1701 2782 1764 2816 ex
1799 2773 1912 2818 tota
1943 2770 2135 2828 Gallia3
2169 2769 2260 2819 sed
2297 2770 2367 2818 ab
2398 2770 2630 2821 Henrico
2664 2775 2858 2833 quarto

552 2837 786 2886 restituti
814 2842 942 2886 sunt
971 2851 1114 2887 anno
1148 2840 1284 2887 1603.
1302 2839 1561 2900 Theologi
1582 2838 1870 2889 >Societatis
1902 2841 2028 2891 Jesu
2055 2841 2360 2903 improbam
2388 2840 2454 2890 de
2489 2842 2855 2904 tyrannicidio

556 2909 855 2957 doctrinam
888 2910 1818 2960 exhibent.....................·.
1835 2947 2634 2966 ..........................
2707 2915 2856 2963 88-99

490 3002 713 3050 domans
753 3004 978 3065 pavus,
1016 3005 1151 3052 ‚lecm
1198 3006 1353 3053 Petit.
1401 3033 1459 3040 --
1506 3006 1751 3056 Mercede
1799 3007 2098 3056 conductus
2148 3021 2180 3056 a
2227 3007 2640 3072 Burgundorum
2695 3008 2851 3067 duce,

554 3073 955 3124 Aurelianensis
985 3076 1137 3125 ducis
1174 3077 1537 3138 interfectore,
1568 3077 1712 3140 apud
1743 3091 1925 3140 regem
1957 3081 2014 3129 et
2033 3079 2211 3140 regale
2241 3078 2529 3128 consilium
2557 3079 2854 3130 advocatus

552 3146 635 3193 est
661 3145 728 3193 ad
759 3146 968 3195 facinus
997 3147 1212 3210 patroni
1244 3148 1323 3197 sui
1356 3148 1533 3199 verbis
1565 3150 1904 3210 purgandum
1917 3184 2718 3203 ..........................
2795 3153 2852 3200 16

486 3242 704 3290 domnis
742 3242 1172 3304 Sanssaemensm,
1214 3245 1346 3294 Jean
1379 3244 1443 3294 de
1480 3245 1783 3309 Salisbury.
1820 3275 1884 3282 -
1913 3247 2216 3310 Theologus
2251 3247 2357 3306 ille,
2387 3248 2480 3310 qui
2521 3247 2700 3296 medio
2735 3261 2850 3297 oevo

553 3312 797 3375 florebat,
827 3313 879 3362 in
902 3314 1083 3365 libello
1105 3316 1190 3364 cui
1213 3316 1531 3366 inscribitur
1554 3317 2041 3368 Policraticus'eam
2077 3319 2325 3369 enuntiat
2358 3319 2708 3379 sententiam,
2727 3319 2848 3380 jure

551 3384 879 3434 occidendos
913 3399 1028 3434 esse
1062 3389 1344 3450 tyrannm,
1379 3392 1539 3450 atque
1589 3389 1748 3438 etiam
1790 3389 2036 3439 adhibita
2067 3389 2291 3452 perfidia
2301 3424 2628 3440 ...........
2704 3391 2850 3439 13-14

490 3480 785 3531 Laudemus
808 3481 1136 3546 (Hubertus)‚
1158 3484 1356 3533 Hubert
1375 3486 1632 3548 Lanquet.
1650 3513 1710 3522 —
1732 3487 1880 3537 Illius
1907 3487 2046 3537 liber
2070 3487 2186 3537 sine
2212 3500 2335 3536 vero
2361 3487 2602 3538 auctoris
2629 3487 2850 3536 nomine

550 3553 779 3613 primum
804 3566 947 3602 anno
971 3556 1084 3603 1581
1113 3555 1163 3602 in
1190 3557 1383 3618 vulgus
1404 3557 1585 3606 editus
1608 3562 1709 3618 est,
1731 3563 1855 3622 post
1879 3559 2116 3608 auctoris
2137 3563 2388 3619 mortem,
2405 3560 2510 3608 sub
2531 3559 2632 3607 boc
2660 3559 2847 3607 titulo:

558 3622 802 3672 Vindiciae
835 3626 1021 3672 contra
1044 3627 1311 3687 tyrannm,
1340 3629 1457 3677 sive.
1492 3629 1556 3678 de
1586 3629 1841 3692 principis
1877 3629 1932 3678 in
1955 3628 2218 3693 populum
2247 3629 2536 3694 populique
2565 3629 2620 3677 in
2646 3630 2850 3694 princi·

544 3707 659 3755 pem
694 3691 931 3756 le91‘tima
954 3699 1225 3757 potestate.
1259 3699 1302 3745 A
1328 3698 1620 3760 Scripturis
1649 3705 1971 3763 argumenta
2003 3701 2276 3762 expromit
2303 3697 2358 3750 et
2395 3701 2658 3750 librorum
2693 3714 2850 3751 sanc—

549 3769 723 3812 torum
764 3765 1084 3815 auctoritate
1123 3767 1273 3816 fulcit
1296 3775 1556 3832 concepta
1596 3785 1710 3822 sua.
1737 3773 1942 3833 Regum
1986 3772 2386 3822 institutionem
2436 3774 2686 3820 mutuum
2731 3785 2850 3820 esse

530 3840 882 3904 ‘contractum
915 3837 1185 3887 existimat
1213 3839 1353 3889 inter
1380 3841 1545 3890 Deum
1571 3848 1624 3891 et
1654 3857 1834 3904 regem
1863 3846 1916 3893 et
1943 3845 2220 3905 populum,
2250 3843 2389 3892 ultro
2421 3842 2576 3904 quasi
2603 3841 2848 3904 citroque

546 3903 667 3954 data
697 3904 819 3954 fide.
859 3906 1118 3971 Langueti
1151 3912 1436 3967 sententia,
1474 3912 1601 3967 licet
1635 3913 1890 3964 resistere
1927 3915 2158 3976 principi
2192 3914 2366 3975 legem
2403 3913 2500 3962 Dei
2533 3911 2760 3962 violanti
2796 3919 2850 3961 et

545 3978 828 4026 ecclesiam
860 3978 954 4027 Dei
982 3981 1233 4030 vastanti.
1265 3982 1511 4033 Attamen
1540 3998 1793 4046 expresse
1823 3985 2223 4036 multitudinem
2255 3984 2324 4034 ab
2351 3983 2653 4033 exercendo
2679 3984 2848 4034 rebel-

546 4048 690 4097 landi
735 4048 856 4109 ,iure
896 4050 1151 4100 excludit.
1185 4053 1397 4104 Privato
1446 4057 1662 4119 cuique,
1704 4061 1764 4106 ut
1805 4057 1954 4107 illius
1994 4060 2099 4107 fert
2141 4056 2345 4120 opini0,
2385 4068 2498 4104 non
2539 4055 2850 4117 impertitur

543 4121 804 4182 potentia,
837 4122 1203 4184 magistratus,
1231 4125 1321 4187 jus
1357 4126 1551 4189 gladii3
1583 4128 1676 4177 sed
1717 4129 1831 4178 fieri
1862 4132 2042 4192 potest
2074 4133 2134 4179 ut
2165 4129 2309 4178 Deus
2348 4127 2619 4190 privatum
2653 4140 2846 4190 quem·

545 4189 667 4240 darn
705 4191 930 4241 suscitet
964 4196 1017 4246 et
1045 4195 1293 4247 instituat
1327 4198 1551 4247 ultionis
1583 4211 1696 4249 suae
1735 4199 2068 4250 ministrum.
2100 4202 2217 4250 Duo
2259 4212 2458 4263 genera
2503 4199 2556 4246 in
2603 4198 2847 4260 tyrannis

543 4261 833 4323 distinguit
860 4277 872 4309 :
905 4264 1159 4327 tyrannos
1184 4268 1379 4333 absque
1406 4269 1565 4318 titulo
1592 4276 1645 4320 et
1667 4269 1736 4319 ab
1759 4273 2028 4321 exercitio.
2057 4271 2418 4336 Tyrannidem
2444 4267 2638 4332 absque
2665 4269 2844 4326 titulo,

543 4333 588 4382 si
628 4334 957 4396 intrudatur,
994 4339 1076 4387 vel
1117 4341 1328 4402 privato
1367 4342 1590 4392 cuilibet
1630 4343 1896 4406 depellere
1936 4344 2076 4394 licet.
2118 4344 2365 4406 Legitimi
2400 4359 2558 4408 reges
2595 4342 2844 4405 improbe

543 4408 597 4454 et
621 4405 950 4466 impotenter
976 4411 1348 4472 magistratum
1378 4418 1692 4466 exercentes
1719 4415 1952 4478 primum
1980 4415 2247 4467 tolerandi
2274 4419 2432 4478 sunt;
2459 4415 2556 4467 sed
2589 4415 2638 4465 si
2673 4413 2842 4477 pcrti-
