3131 5145
1279 452 1600 518 ...ss-

255 607 422 669 saepe
455 588 538 649 ad
571 607 770 650 novas
811 606 910 650 res
939 592 1350 666 consurgunt.
1387 589 1546 648 Tum
1578 585 1915 667 scriptores
1945 587 2220 668 reperias
2251 587 2361 667 qui
2391 594 2607 669 tyran-

255 686 562 747 nicidium
604 685 938 770 extollant2
970 690 1032 746 et
1060 683 1352 748 homines
1388 685 1651 746 rationis
1682 683 2083 765 impatientes
2119 703 2158 745 a
2197 685 2425 764 quibus
2454 686 2607 748 saci-

254 803 370 845 nus
401 783 558 844 illud
591 789 1010 864 perpetretur.

333 880 522 942 Ocius
550 881 982 961 profitendum
1013 887 1106 944 est
1145 882 1391 942 Novum
1433 883 1903 942 Testamentum
1937 899 1975 942 a
2004 882 2225 943 Vetere
2256 881 2442 961 longe
2482 882 2611 943 dis-

253 987 411 1056 tare,
447 999 564 1040 nec
595 979 815 1041 eadem
847 985 1059 1042 mente
1094 978 1480 1040 theocratica
1509 977 1829 1057 inspirari.
1864 977 2135 1040 Cuilibet
2172 998 2356 1058 aequo
2395 980 2608 1041 animo

249 1077 359 1138 illa
390 1077 796 1158 perspicienti
827 1077 1014 1158 plane
1056 1083 1326 1157 apparet
1355 1075 1637 1137 Christus
1664 1094 1869 1155 neque
1898 1094 2203 1137 novarum
2238 1095 2446 1137 rerum
2478 1078 2611 1156 agi-

251 1181 423 1236 tator
468 1194 674 1254 neque
726 1174 1178 1236 dominationis
1225 1173 1482 1254 regnive
1530 1172 1925 1236 ambitiosus.
1978 1175 2235 1234 Frustra
2283 1174 2611 1254 pontifices

249 1273 482 1334 summi
529 1272 867 1351 Gregorius
913 1273 1020 1334 VII
1070 1277 1132 1333 et
1179 1274 1490 1333 Innocens
1535 1272 1640 1347 Ill,
1699 1270 1907 1333 medio
1965 1291 2125 1346 aevo,
2176 1291 2253 1332 ox
2306 1271 2608 1334 cathedra

248 1371 486 1449 scripta
510 1377 803 1450 torquere
834 1376 894 1431 et
935 1389 972 1430 a
1009 1389 1161 1430 vera
1200 1370 1516 1431 sententia
1551 1376 1837 1431 avertere
1875 1370 2086 1431 conati
2126 1376 2267 1430 sunt
2313 1389 2327 1432 t
2372 1370 2608 1432 nemini

247 1488 376 1530 non
415 1469 618 1546 liquet
657 1467 974 1530 Christum
1019 1469 1520 1530 dominationem
1564 1487 1681 1528 nec
1726 1468 1843 1528 sibi
1878 1487 1995 1528 nec
2040 1467 2361 1548 discipulis
2406 1486 2604 1549 appe-

249 1567 482 1628 t1visse.
521 1565 716 1647 Cujus
745 1567 1022 1628 maxima
1051 1567 1188 1628 haec
1221 1567 1430 1628 habeo
1461 1566 1845 1628 documenta
1886 1586 2025 1645 quae
2056 1565 2191 1645 ipse
2222 1565 2553 1627 dictitabat
2584 1585 2599 1630 ε

250 1688 278 1720 «
316 1667 456 1726 Non
495 1665 640 1726 veni
681 1664 1048 1737 ministrari,
1088 1664 1200 1726 sed
1239 1665 1621 1725 ministrare.
1655 1699 1733 1708 —
1774 1665 2056 1742 Regnum
2096 1683 2305 1724 meum
2346 1683 2473 1725 non
2512 1671 2605 1726 est
2676 1731 2683 1740 ‚

248 1764 324 1824 de
371 1763 496 1824 hoe
539 1763 778 1824 mundo
813 1763 856 1822 ¹.
902 1786 932 1819 »
976 1764 1258 1842 Denique
1304 1764 1372 1823 in
1412 1769 1564 1824 noto
1613 1769 1677 1823 et
1728 1762 1808 1823 ab
1862 1763 2159 1824 omnibus
2206 1782 2373 1843 saepe
2421 1782 2603 1824 usur-

250 1867 400 1940 pato
440 1860 610 1940 loco,
654 1860 848 1921 nitide
895 1861 1202 1941 disjunxit
1246 1862 1417 1940 quod
1458 1860 1735 1922 ecclesiae
1776 1865 1839 1921 et
1878 1861 2048 1940 quod
2099 1861 2262 1920 civili
2308 1861 2605 1940 potestati

250 1959 538 2031 debetur,
573 1958 789 2019 dicens
832 1977 846 2019 ε
883 1982 914 2016 «
950 1958 1214 2020 Reddite
1244 1979 1386 2039 quae
1427 1965 1575 2019 sunt
1612 1958 1875 2020 Caesaris
1914 1957 2146 2019 Caesari
2186 1964 2248 2020 et
2286 1975 2429 2038 quae
2458 1964 2604 2018 sunt

251 2056 359 2138 Dei
391 2059 520 2118 Deo
555 2057 600 2116 ².
637 2081 666 2112 »

331 2155 600 2215 Proinde
633 2153 915 2216 Christus
945 2174 1208 2232 regnum
1241 2161 1534 2216 terrestre
1561 2173 1601 2214 a
1625 2153 1862 2215 coelesti
1887 2153 2189 2232 disjunxit
2219 2172 2331 2215 nec
2362 2155 2602 2216 censuit

251 2271 504 2332 aequum
556 2258 627 2312 ut
677 2253 946 2314 alterum
1000 2252 1182 2314 alteri
1225 2252 1753 2332 imperaret.2Sed
1801 2253 1953 2312 dum
1997 2271 2261 2332 regnum
2316 2252 2599 2314 divinum

250 2349 313 2408 in
341 2349 584 2411 medias
607 2349 938 2410 hominum
973 2369 1069 2412 res
1093 2350 1360 2411 intrudit
1390 2349 1733 2410 christiana
1761 2349 2004 2429 religio,
2039 2351 2364 2430 quaerendi
2393 2350 2600 2413 locum

249 2447 498 2525 subjicit
529 2465 658 2527 quo
695 2448 884 2509 modo
919 2455 1255 2528 utrumque
1297 2467 1559 2524 regnum
1602 2448 1949 2510 consociari
1988 2453 2051 2508 et
2086 2447 2412 2510 terminari
2447 2469 2599 2529 pos-

247 2546 391 2608 sint.
438 2545 606 2606 Illud
645 2544 898 2626 quidem
940 2546 1350 2625 Evangelium
1395 2547 1496 2608 vix
1533 2547 1792 2625 attingit
1827 2563 1843 2609 ε
1881 2547 2019 2609 haec
2059 2547 2177 2609 erit
2216 2547 2481 2629 quaestio
2520 2548 2597 2611 ad

246 2643 759 2721 investigandum
795 2644 1119 2725 proposita
1149 2645 1358 2705 medio
1389 2664 1522 2706 aevo
1555 2651 1619 2705 et
1647 2644 2124 2707 recentioribus

323 2740 620 2821 Apostoli
645 2748 812 2803 certe
831 2748 892 2801 et
911 2744 1130 2803 Patres
1157 2742 1448 2804 Ecclesiae
1472 2742 1636 2803 veris
1657 2742 1888 2805 Christi
1908 2744 2237 2804 affectibus
2258 2750 2319 2803 et
2346 2744 2602 2804 monitis

248 2840 416 2901 ducti
455 2846 605 2900 sunt
644 2839 708 2899 in
751 2840 976 2917 agendi
1017 2841 1260 2901 ratione
1303 2858 1316 2900 :
1357 2841 1537 2919 cujus
1565 2859 1857 2901 normam
1892 2840 2177 2901 exhibuit
2206 2847 2268 2901 et
2298 2841 2602 2921 expressit

249 2938 504 2999 Paulus,
554 2938 862 2999 Omnibus
917 2945 1072 2999 nota
1120 2946 1214 3001 est
1258 2958 1382 3000 vox
1433 2940 1545 2999 illa
1593 2938 1827 3017 saepius
1874 2938 1941 2998 in
1991 2939 2339 2999 contrarias
2393 2945 2603 3018 partes

247 3036 566 3116 explicata
595 3041 658 3095 et
699 3054 852 3096 sane
897 3037 1342 3099 controversiis
1373 3042 1735 3117 opportuna
1770 3054 1785 3096 ε
1822 3060 1851 3093 «
1888 3036 2105 3096 Omnis
2145 3037 2358 3097 anima
2396 3042 2604 3116 potes-

245 3134 484 3193 tatibus
527 3132 1002 3195 sublimioribus
1057 3134 1309 3195 subdita
1351 3135 1432 3195 sit
1488 3152 1501 3196 :
1556 3152 1687 3195 non
1726 3141 1818 3196 est
1870 3135 2037 3195 enim
2084 3141 2361 3214 potestas
2401 3132 2516 3195 nisi
2564 3154 2602 3196 a

244 3230 422 3291 Deo:
471 3249 613 3310 quae
654 3238 866 3293 autem
915 3237 1083 3305 sunt,
1127 3252 1164 3291 a
1206 3233 1336 3293 Deo
1381 3232 1689 3293 ordinatae
1735 3237 1902 3293 sunt.
1948 3233 2167 3313 Itaque
2218 3233 2325 3311 qui
2373 3233 2602 3293 resistit

247 3326 573 3409 potestati,
620 3328 730 3389 Dei
779 3329 1164 3390 ordinationi
1218 3330 1469 3390 resistit.
1528 3330 1647 3403 Qui
1690 3337 1903 3390 autem
1952 3330 2271 3402 resistunt,
2319 3330 2437 3407 ipsi
2485 3329 2603 3390 sibi

247 3425 726 3486 damnationem
784 3428 1118 3506 acquirunt
1126 3473 1247 3489 .....
1304 3428 1416 3487 Dei
1467 3426 1753 3487 minister
1802 3432 1892 3487 est
1948 3426 2061 3487 tibi
2116 3427 2179 3486 in
2228 3427 2487 3487 bonum.
2538 3427 2602 3488 Si

249 3522 490 3582 malum
531 3522 772 3598 feceri5‚
817 3525 968 3584 time
1009 3546 1021 3583 :
1066 3544 1196 3584 non
1249 3524 1413 3585 enim
1461 3526 1595 3585 sine
1645 3544 1836 3585 causa
1886 3524 2166 3603 gladium
2217 3530 2449 3604 portat.
2491 3525 2604 3585 Dei

247 3620 414 3680 enim
450 3619 736 3680 minister
763 3627 856 3681 est
890 3642 902 3679 :
932 3606 1258 3683 vindex‘in
1285 3621 1446 3682 iram
1476 3622 1533 3682 ei
1563 3622 1670 3701 qui
1697 3622 1935 3683 malum
1968 3622 2099 3699 agit
2124 3622 2168 3681 ³.
2206 3646 2237 3679 »

325 3718 798 3796 Igitur'censet
841 3718 1076 3779 Paulus
1124 3720 1368 3781 civilem
1419 3719 1861 3781 auctoritatem
1906 3740 1943 3780 a
1989 3724 2116 3781 Deo
2157 3720 2329 3795 oriri,
2380 3720 2599 3780 civita-

249 3814 450 3895 tisque
503 3814 794 3875 habitum
837 3822 900 3875 et
947 3817 1258 3877 rationem
1309 3836 1350 3877 a
1403 3819 1530 3877 Deo
1586 3816 1934 3877 institutam
1985 3836 2117 3878 esse
2170 3825 2231 3878 et
2281 3818 2423 3878 ideo
2478 3816 2601 3894 legi

249 3912 603 3991 parendum
634 3911 733 3975 vel
763 3912 1018 3974 cuilibet
1048 3912 1347 3992 legitimae
1379 3914 1759 3975 auctoritati.
1792 3916 1908 3986 Qui
1940 3915 2215 3975 monitus
2241 3914 2319 3974 ad
2348 3932 2599 3974 omnem

250 4008 650 4089 publicorum
692 4010 1121 4073 institutorum
1161 4011 1448 4073 habitum
1489 4012 1675 4092 plane
1710 4017 1973 4093 spectat,
2008 4012 2087 4072 ad
2124 4012 2365 4088 regium
2403 4011 2599 4091 impe-

314 4210 356 4257 1.
370 4208 722 4273 Evanqelium
741 4209 1028 4259 secundum
1045 4209 1366 4267 Matthaeum,
1383 4210 1488 4271 XX,
1504 4211 1581 4258 28.
1596 4208 2013 4272 —Evanqelium
2028 4206 2309 4257 secundum
2328 4207 2594 4264 Joannem,

249 4278 737 4415 '‘gl-lkvzssriqelium
765 4351 1048 4401 secundum
1071 4352 1395 4411 Matthaeum,
1429 4352 1581 4412 XXll,
1608 4352 1686 4399 21.

311 4425 354 4473 3.
387 4422 628 4487 Epistola
661 4422 821 4472 Pauli
841 4422 924 4473 ‘ad
955 4424 1220 4482 Romanoa,
1248 4430 1410 4487 cap'ut
1437 4437 1547 4473 xm.
