3131 5145
1408 427 1782 493 -102-

414 598 435 609 -·
510 564 667 637 Quin
696 564 848 638 imo,
875 582 1073 644 quum
1103 563 1407 624 Henricus
1435 570 1700 643 quartus
1731 564 2218 625 Protestantium
2251 564 2442 625 fidem
2467 561 2785 625 cathol-ica

428 663 730 741 religione
765 662 1053 734 mutavit,
1087 662 1473 742 Lutetiaeque
1494 668 1557 722 et
1589 662 1778 723 totius
1809 663 1987 741 regni
2011 662 2209 723 evasit
2229 662 2557 735 dominuS,
2591 667 2784 741 atque

427 760 873 821 Henoticorum
923 760 1113 821 factio
1158 758 1395 820 abolita
1433 766 1529 820 est
1565 760 1826 840 dempto
1860 759 2004 839 jure
2053 759 2346 833 nocendi,
2399 758 2590 819 etiam
2635 764 2782 817 tunc

428 856 919 936 tyrannicidium
950 856 1245 917 laudibus
1276 856 1536 917 effertur
1564 876 1604 917 a
1625 856 1952 919 Buchero
1935 876 1996 917 ιη
2023 856 2338 938 Apoloqia
2363 854 2642 965 Castelli,
2672 854 2782 935 qui

429 954 839 1047 occidendum
872 954 1213 1016 Henricum
1238 961 1535 1034 quartum
1563 960 1944 1033 susceperat.

510 1051 688 1123 Quod
718 1070 867 1112 vero
899 1052 1173 1129 gravius,
1207 1052 1503 1125 Mariana,
1540 1052 1647 1131 qui
1679 1052 1839 1111 nihil
1863 1050 2445 1135 perturbationibus
2471 1050 2551 1111 ab
2577 1051 2778 1109 Heno-

431 1150 698 1211 ticorum
750 1148 1283 1210 confoederatione
1323 1148 1657 1210 commotis
1696 1148 2038 1230 implicitus
2086 1156 2204 1220 est,
2251 1148 2421 1227 apud
2471 1147 2782 1228 Hispanos

429 1248 663 1326 degens
702 1247 767 1307 in
808 1247 1131 1308 Societatis
1173 1249 1319 1309 Jesu
1364 1247 1771 1321 monasterio,
1816 1246 2155 1308 nefandam
2203 1246 2484 1324 regicidii
2527 1245 2782 1306 exhibet

429 1345 817 1426 apologiam.
864 1346 1013 1425 Ejus
1056 1345 1217 1406 liber
1252 1346 1345 1406 De
1388 1365 1529 1426 reqe
1577 1354 1636 1406 ec
1673 1346 1833 1427 reqis
1875 1344 2264 1406 institutione
2303 1364 2465 1404 unus
2510 1344 2782 1404 maxime
2841 1394 2846 1399 .

429 1443 748 1517 inclaruit,
781 1444 1251 1523 maximamque
1284 1444 1590 1504 invidiam
1623 1444 1950 1517 conflavit,
1983 1442 2460 1523 diutissimeque
2486 1442 2548 1502 in
2580 1441 2784 1502 homi-

423 1560 583 1601 ·num
617 1541 926 1602 memoria
952 1541 1151 1619 viguit
1180 1542 1307 1602 sive
1334 1540 1710 1621 eloquentiae
1742 1542 1950 1603 nervis
1973 1549 2038 1603 et
2059 1540 2396 1619 elegantia,
2422 1540 2551 1601 sive
2583 1539 2785 1623 Socie-

428 1640 575 1701 tatis
604 1640 783 1720 cujus
814 1646 947 1701 erat
977 1639 1297 1719 particeps
1328 1640 1576 1701 famoso
1608 1640 1866 1701 nomine
1899 1658 1912 1700 ε
1950 1640 2050 1701 cui
2081 1638 2336 1719 quidem
2367 1638 2538 1700 haud
2571 1638 2787 1699 imme-

432 1737 554 1798 rito
586 1738 823 1818 saepius
852 1736 1097 1798 crimini
1122 1736 1343 1797 datum
1374 1742 1487 1810 est,
1518 1737 1689 1816 quod
1720 1755 1835 1815 per
1864 1737 1957 1797 sas
1983 1742 2044 1797 et
2073 1737 2252 1796 nefas
2285 1736 2784 1797 dominationem

431 1835 498 1895 in
528 1833 803 1915 politicis
831 1834 1017 1894 simul
1048 1840 1110 1895 et
1134 1834 1442 1911 religiosis
1468 1834 1654 1895 rebus
1685 1833 1986 1914 consequi
2015 1834 2306 1895 voluerit.

427 1955 434 1959 ·
518 1932 799 2011 Denique
842 1938 1136 1993 auctores
1172 1932 1292 2012 ipsi
1331 1932 1753 1993 mediocribus
1787 1940 1848 1992 et
1888 1931 2255 2011 temperatis
2293 1930 2630 2005 mentibuS,
2679 1930 2787 2009 qui

442 2030 507 2089 in
538 2028 869 2089 scribendo
900 2047 1026 2089 non
1068 2047 1236 2089 cacco
1274 2027 1596 2105 religionis
1629 2028 1842 2088 furore
1883 2028 2159 2109 permoti
2195 2032 2362 2100 sunt,
2397 2046 2511 2087 nec
2546 2033 2789 2108 protes·

438 2126 715 2186 tantium
770 2125 1309 2187 catholicorumve
1357 2132 1568 2206 partes
1615 2126 1830 2201 secuti,
1879 2125 2321 2203 contagionem
2367 2125 2784 2203 cupiditatum

430 2224 719 2302 ,effugere
752 2271 766 2298 ,
820 2236 971 2303 ‘quae
1030 2224 1305 2303 aequales
1360 2230 1421 2283 et
1478 2224 1960 2284 circumstantes
2017 2222 2548 2303 praestringebant
2583 2267 2598 2293 ,
2661 2242 2787 2283 non

428 2320 713 2381 valuere.
770 2320 953 2382 Solus
1002 2322 1131 2383 fere
1168 2322 1429 2401 sapiens
1472 2321 1783 2400 CuJaciuS,
1831 2326 2002 2381 totus
2044 2320 2110 2380 in
2153 2320 2605 2397 investigandis
2630 2320 2792 2399 juris

442 2418 712 2479 Romani
737 2418 1191 2497 penetralibus,
1224 2438 1353 2501 non
1380 2439 1445 2479 se
1489 2418 1663 2479 dedit
1703 2418 2231 2480 commovendum
2277 2418 2600 2479 acerrimis
2639 2436 2789 2479 con—

428 2516 826 2579 tentionibus
882 2517 1111 2596 quibus
1165 2523 1299 2579 tota
1346 2516 1546 2578 Gallia
1593 2523 1742 2579 tunc
1795 2515 2250 2578 cruentabatur
2299 2516 2502 2596 idque⁴
2544 2522 2787 2578 tantum

435 2615 671 2694 objecit
708 2613 1178 2695 increpantibus
1216 2615 1433 2676 amicis
1467 2634 1482 2676 ε
1530 2613 1698 2690 Quid
1734 2614 1845 2675 hoc
1887 2614 1970 2675 ad
2005 2613 2267 2676 edictum
2303 2615 2633 2697 praetoris?
2671 2616 2792 2678 Sed

439 2712 543 2773 alii
606 2731 826 2774 omnes
873 2711 1308 2792 jurisconsulti
1362 2732 1490 2774 non
1546 2713 1832 2774 eamdem
1908 2720 2320 2775 servaverunt
2377 2713 2786 2787 modestiam3

430 2807 704 2870 -Carolus
752 2809 1079 2870 Molinaeus
1136 2811 1507 2890 praesertim,
1565 2829 1929 2890 quanquam
1985 2809 2264 2871 maximo
2309 2829 2529 2889 regum
2575 2829 2790 2871 amore

438 2907 774 2986 flagrabat,
810 2908 1221 2969 nihilominus
1250 2910 1329 2970 ad
1352 2909 1895 2988 comprobandum
1928 2907 2419 2988 tyrannicidium
2456 2908 2792 2988 prolapsus

436 3011 532 3065 est
561 3006 637 3067 de
663 3006 805 3085 jure
846 3008 1149 3068 canonico
1182 3007 1527 3088 disputans
1570 3008 1640 3067 In
1675 3006 2040 3088 Republica,
2068 3007 2180 3087 qui
2212 3026 2342 3068 non
2382 3007 2542 3071 liber
2578 3015 2674 3068 est
2711 3008 2791 3068 ad

436 3103 920 3184 conviciandum
952 3123 1028 3164 ex
1068 3111 1354 3184 tempore
1389 3105 1678 3184 scriptus,
1717 3105 1825 3165 sed
1859 3111 2112 3167 matura
2145 3105 2376 3166 mentis
2410 3105 2790 3182 cogitatione

438 3206 612 3261 ortus
655 3208 717 3260 et
755 3201 1125 3278 gravissima
1162 3208 1421 3263 ornatus
1461 3203 1835 3280 eruditione,
1879 3204 2178 3278 BodinuS,
2221 3203 2537 3264 absolutae
2577 3210 2791 3283 potes-

436 3297 584 3358 tatis
622 3297 858 3384 fautor,
899 3298 963 3359 in
1001 3317 1220 3376 regum
1269 3299 1505 3361 caedem
1544 3319 1694 3361 sane
1733 3300 2072 3380 invehitur,
2117 3301 2226 3362 sed
2269 3299 2694 3380 tyrannicidio
2732 3308 2796 3361 et

437 3394 569 3474 ipse
600 3415 1056 3477 nonnunquam
1094 3396 1453 3477 acquiescit,
1487 3397 1728 3459 aditum
1762 3398 2018 3459 nefariis
2059 3398 2504 3460 controversiis
2541 3405 2605 3459 et
2635 3417 2792 3459 con-

436 3493 589 3553 siliis
620 3513 989 3575 praeparans
1018 3496 1068 3554 si
1100 3495 1241 3574 quis
1269 3495 1586 3557 imbecillo
1619 3496 1832 3558 animo
1864 3497 1962 3557 vel
2002 3495 2322 3557 obcaecata
2351 3501 2560 3557 mente
2593 3495 2793 3557 libidi-

437 3590 625 3650 nibus
654 3592 865 3671 pravis
893 3591 1241 3652 indulserit.
1284 3597 1287 3602 ’
1370 3611 1383 3624 ’

430 3727 439 3734 -
518 3687 786 3749 Proinde
826 3688 1280 3750 catholicorum
1322 3697 1384 3751 et
1426 3692 1915 3770 protestantium
1957 3691 2202 3753 decimo
2241 3697 2419 3752 sexto
2455 3690 2669 3752 seculo
2715 3691 2792 3752 de

440 3785 865 3864 tyrannicidio
896 3786 1196 3848 doctrInae
1220 3807 1295 3848 ex
1318 3808 1381 3849 re
1409 3795 1469 3850 et
1492 3795 1778 3869 tempore
1799 3797 2014 3872 aperte
2042 3797 2198 3852 ortae
2225 3797 2371 3852 sunt
2403 3808 2418 3852 :
2447 3789 2792 3851 Reformati

434 3885 714 3964 primum
763 3904 800 3946 a
837 3885 1089 3963 regibus
1133 3885 1287 3947 nihil
1340 3905 1464 3948 non
1504 3895 1892 3968 exspectare,
1934 3889 2181 3968 illisque
2223 3907 2462 3949 meram
2501 3892 2564 3948 et
2602 3888 2790 3950 abso-

438 3983 638 4044 lutam
665 3990 1042 4064 potestatem
1073 3985 1338 4060 deferre,
1369 3986 1718 4049 dummodo
1745 3988 1826 4048 ad
1861 3988 2344 4068 propagandam
2381 4005 2560 4048 suam
2596 3986 2786 4049 fidem

440 4080 843 4154 adhiberent3
890 4082 1013 4142 illis
1056 4088 1301 4143 tantum
1344 4085 1653 4145 succurrit
1689 4084 2068 4145 vindicanda
2109 4084 2388 4159 libertaS,
2434 4101 2631 4164 quum
2671 4082 2788 4144 sibi

438 4178 699 4239 infestos
734 4189 868 4240 esse
900 4187 1295 4258 agnoverunt
1332 4202 1531 4261 reges,
1577 4182 1882 4244 Catholici
1923 4188 2168 4255 contra,
2206 4202 2402 4264 quum
2435 4182 2787 4262 grandibus

434 4273 642 4336 verbis
672 4293 928 4337 causam
970 4279 1297 4357 potestatis
1338 4280 1525 4358 regiae
1561 4279 1934 4341 extulissent
1971 4285 2034 4341 et
2072 4280 2431 4358 commoda,
2467 4279 2788 4360 fusiusque

434 4392 497 4433 se
527 4378 691 4434 totos
719 4373 811 4433 illi
840 4374 1125 4437 addictos
1154 4395 1285 4439 esse
1313 4378 1725 4457 dictitassent,
1757 4378 1823 4438 in
1862 4378 2226 4439 lacessendo
2259 4397 2437 4455 reges
2475 4385 2538 4440 et
2573 4376 2785 4438 convi-
