3131 5145
1051 1319 1362 1394 CAPUT
1427 1320 1949 1425 SEPTIMUM

369 1610 456 1657 DE
511 1608 989 1659 TYRANNICIDIO
1040 1609 1213 1658 APUD
1264 1608 1836 1659 JURISCONSULTOS
1890 1611 1969 1658 ET
2021 1611 2356 1663 PRAECIPUE
2406 1613 2577 1661 APUD

1153 1715 1456 1766 JOANNEM
1505 1715 1809 1765 BODINUM

373 1964 694 2022 Hactenus
726 1960 1199 2041 disquisivimus
1237 1960 1388 2041 quid
1419 1962 1495 2022 de
1534 1960 1957 2041 tyrannicidio
2000 1960 2311 2023 senserint
2340 1967 2401 2023 et
2435 1981 2652 2024 renas·

293 2060 574 2121 centium
608 2058 961 2120 litterarum
994 2060 1269 2121 cultores
1301 2064 1362 2119 et
1393 2058 1687 2120 ardentes
1718 2077 1898 2121 novae
1929 2060 2251 2138 religionis
2292 2078 2654 2142 propugna-

293 2162 465 2217 tores
508 2176 522 2217 :
568 2176 736 2217 nunc
775 2158 991 2218 forsan
1023 2156 1194 2218 haud
1233 2156 1541 2217 insulsum
1578 2156 1675 2216 vel
1710 2155 1931 2217 inutile
1970 2157 2051 2217 sit
2089 2157 2307 2238 paucis
2346 2157 2654 2236 attingere

291 2253 443 2334 quid
480 2254 557 2315 de
589 2254 710 2315 hoc
733 2253 1156 2334 judicaverint
1198 2253 1606 2315 illustrissimi
1649 2254 1877 2315 decimi
1912 2254 2070 2316 sexti
2114 2254 2309 2316 seculi
2336 2254 2651 2333 juriscon-

293 2342 464 2412 sulti.

371 2448 473 2509 Illi
511 2449 681 2509 enim
721 2468 797 2510 ea
835 2456 1023 2510 aetate
1064 2448 1326 2509 maximi
1363 2448 1670 2509 momenti
1710 2455 1771 2508 et
1809 2449 2111 2529 ponderis
2148 2450 2322 2511 fuere
2364 2455 2429 2509 et
2459 2468 2650 2530 quam

290 2546 594 2608 latissime
624 2546 1025 2627 protulerunt
1054 2565 1202 2608 suas
1225 2546 1564 2608 doctrinas.
1600 2546 1737 2608 Alte
1768 2546 1833 2607 in
1855 2566 2167 2609 memores
2194 2547 2445 2610 animos
2462 2566 2647 2628 pene·

291 2643 551 2706 trabant
577 2651 896 2725 praecepta
926 2644 1168 2706 orando
1203 2643 1457 2722 tradita,
1487 2651 1548 2704 et
1582 2645 1879 2722 magister
1910 2645 2365 2726 discipulorum
2408 2651 2649 2706 mentes

291 2741 373 2802 ad
405 2740 739 2802 arbitrium
767 2741 1222 2804 moderabatur
1252 2748 1314 2801 et
1343 2741 1559 2820 gloriae
1593 2741 1927 2821 splendore
1958 2742 2343 2822 praestrictae,
2375 2748 2437 2802 et
2468 2761 2647 2804 novae

291 2838 570 2901 scientiae
607 2840 938 2900 miratione
967 2847 1444 2919 praeoccupatas
1480 2858 1492 2899 :
1533 2840 1617 2900 ad
1650 2840 1770 2900 hoc
1816 2839 1959 2900 vitae
1995 2840 2359 2916 integritate
2392 2839 2655 2900 decora-

289 2939 484 2998 batur
521 2937 831 2999 altissima
874 2957 1094 3000 eorum
1138 2937 1432 3018 eruditi0‚
1489 2945 1554 2998 et
1592 2939 1913 3016 generosis
1957 2937 2465 2998 adolescentibus
2514 2943 2649 2998 tum

291 3036 724 3097 doctrinarum
751 3036 1166 3110 institutoreS,
1193 3043 1327 3096 tum
1358 3054 1609 3096 morum
1640 3034 1861 3096 arbitri
1890 3034 2316 3096 habebantur.
2344 3037 2517 3095 Inter
2534 3035 2652 3095 hos

290 3132 685 3213 praecipuum
720 3133 994 3194 obtinuit
1023 3134 1232 3194 locum
1255 3132 1528 3194 Jacohus
1559 3132 1877 3212 CujaciuS‚
1905 3132 2066 3212 juris
2099 3133 2365 3193 Romani
2396 3132 2649 3192 divinus

290 3229 628 3309 interpreS,
676 3249 867 3310 quem
906 3230 1406 3310 prosequebatur
1444 3230 1785 3291 illustrium
1830 3231 2107 3291 virorum
2149 3229 2399 3308 cohow,
2434 3229 2648 3289 Pibra-

290 3346 423 3404 cuS‚
440 3327 741 3402 Pithaeus,
764 3328 1121 3409 Stephanus
1138 3327 1534 3400 Paschasius»,
1554 3328 1588 3388 J
1596 3327 1830 3388 acobus
1849 3329 2164 3406 Augustus
2186 3327 2507 3400 ThuanuS‚
2526 3333 2644 3388 etc,

291 3428 380 3486 Eo
412 3425 729 3506 praecipue
761 3425 1098 3486 laudabilis
1141 3431 1277 3486 erat
1318 3424 1633 3504 Cujacius,
1678 3426 1774 3484 vir
1810 3424 1990 3486 omni
2020 3425 2310 3485 doctrina
2340 3422 2639 3497 eruditus,

291 3523 467 3603 quod
523 3531 772 3585 secutus
828 3522 1140 3584 Alciatum
1194 3523 1416 3583 ducem
1477 3522 1849 3602 explicando
1916 3524 2203 3582 Romano
2252 3521 2384 3602 juri
2441 3520 2642 3582 lucem

289 3620 572 3682 historiae
614 3621 1016 3700 praeferebat,
1061 3640 1175 3682 nec
1216 3620 1496 3700 singulas
1537 3621 1705 3700 leges
1749 3620 1825 3681 ad
1867 3620 2169 3698 litteram,
2214 3624 2403 3697 prout
2444 3619 2646 3697 quoti-

289 3719 484 3779 diana
511 3724 841 3804 poscerent
867 3717 1252 3796 litigantium
1284 3719 1655 3793 certamina,
1688 3717 2094 3799 interpretari
2120 3721 2476 3792 contentuS,
2505 3715 2642 3776 fon-

290 3823 416 3877 tem
480 3814 688 3895 ipsum
735 3815 894 3894 juris
934 3815 1282 3895 repetebat,
1335 3822 1396 3876 et
1447 3818 1879 3876 Romanorum
1931 3815 2184 3894 ingenio
2244 3820 2307 3874 et
2364 3811 2645 3872 moribus

285 3912 537 3994 penitus
575 3913 968 3992 investigatis
1006 3913 1342 3975 convenire
1387 3912 1868 3974 demonstrabat
1907 3911 2221 3992 quidquid
2259 3910 2351 3970 illi
2394 3911 2641 3969 sanxis-

286 4017 447 4072 sent.
1866 4061 1870 4066 .

368 4108 486 4170 Sed
517 4108 582 4167 in
614 4107 905 4188 plurimis
944 4108 1080 4187 ejus
1119 4107 1414 4187 operibus
1445 4108 1575 4169 fere
1617 4108 2036 4188 nequicquam
2078 4105 2399 4186 quaesieris
2435 4110 2641 4164 certa·-

283 4207 528 4268 minum
563 4205 834 4284 vestigia
863 4206 1094 4286 quibus
1115 4206 1429 4284 flagrabat
1460 4205 1571 4266 illa
1602 4211 1777 4266 aetas·
1814 4207 2015 4283 Super
2045 4203 2259 4264 omnia
2285 4201 2642 4263 libertatem

281 4312 341 4366 et
371 4304 575 4366 animi
605 4303 1139 4382 tranquillitatem
1171 4303 1520 4378 excolebat,
1556 4311 1730 4364 totus
1765 4303 1827 4363 in
1864 4301 2163 4364 docendis
2204 4297 2549 4381 discipulis,
2584 4306 2646 4360 et

278 4403 354 4466 de
385 4402 697 4482 religione
731 4401 1071 4463 acerrimas
1091 4403 1522 4464 contentiones
1555 4390 2017 4480 aspernabatur
2049 4399 2277 4478 quibus
2307 4396 2647 4458 incalesce·
