3131 5145
1517 439 1718 504 -50
1760 475 1842 489 --

499 577 840 639 videndum
891 573 1333 654 sagacissimus
1388 595 1512 655 quo
1572 577 1829 638 demum
1883 577 2103 638 tendat
2154 577 2421 638 societas
2470 577 2693 656 civilis,
2748 582 2862 643 scd

500 681 804 756 concepta
835 671 1070 753 dispari
1097 673 1286 735 modo
1312 674 1376 734 in
1408 674 1610 736 lucem
1646 677 1975 754 proferens
2014 680 2207 754 prout
2244 681 2607 755 temporum
2648 676 2857 740 diver-

503 774 654 834 sitas
683 771 945 833 ferebat.

579 872 749 933 Libri
795 871 934 951 ejus
982 869 1072 931 De
1118 868 1455 950 Republica
1505 869 1827 932 universas
1876 877 2089 950 partes
2137 871 2454 952 explicare
2500 873 2684 933 nobis
2728 892 2858 936 non

499 969 731 1050 placet,
783 987 896 1030 nec
939 973 1118 1028 extra
1166 966 1494 1028 definitum
1541 974 1989 1046 argumentum
2040 968 2327 1047 evagari3
2380 969 2531 1030 satis
2576 969 2657 1032 sit
2703 971 2856 1050 quid

499 1068 782 1129 Bodinus
805 1067 881 1128 de
912 1064 1332 1146 tyrannicidio
1361 1065 1424 1125 in
1456 1066 1734 1127 secundo
1770 1066 1931 1127 libro
1965 1067 2188 1127 dixerit
2215 1067 2583 1146 explanare.

583 1165 703 1227 Sed
741 1171 1085 1245 antequam
1125 1162 1203 1224 de
1239 1162 1356 1222 hac
1397 1164 1747 1242 quaestione
1778 1165 1913 1243 ejus
1956 1163 2321 1244 opinionem
2366 1165 2626 1244 propius
2662 1169 2853 1228 attin-

499 1281 746 1342 gamuS,
789 1260 1137 1323 notandum
1185 1266 1278 1322 est
1327 1279 1468 1322 eum
1518 1260 1829 1322 libertatis
1866 1261 2134 1340 publicae
2174 1280 2303 1322 non
2340 1280 2469 1324 esse
2505 1269 2850 1336 amantem,

498 1380 575 1422 ex
626 1357 756 1441 qua
799 1359 1119 1421 existimat
1165 1357 1486 1420 licentiam
1525 1363 1775 1419 tantum
1820 1365 1883 1420 et
1933 1359 2442 1439 perturbationes
2488 1359 2661 1421 oriri.
2708 1361 2849 1422 Exi-

500 1459 692 1520 tiosas
718 1476 852 1518 esse
882 1463 1092 1518 censet
1129 1455 1434 1518 factiones
1467 1455 1532 1518 in
1568 1455 1947 1530 civitatibuS,
1980 1464 2044 1518 et
2080 1457 2365 1519 subditos
2402 1477 2441 1518 a
2470 1457 2609 1536 lege
2638 1458 2853 1520 divina

497 1567 560 1618 et
589 1575 628 1616 a
658 1562 888 1616 natura
921 1554 1376 1642 agl-parendum
1409 1554 1744 1616 adstrictos
1774 1573 1931 1631 esse,
1964 1562 2027 1614 et
2056 1574 2197 1616 eum
2232 1555 2342 1634 qui
2377 1555 2541 1635 regis
2573 1556 2852 1618 auctori-

495 1659 689 1715 tatem
731 1640 968 1725 violet)
995 1654 1193 1713 Deum
1239 1652 1442 1732 ipsum
1495 1651 1736 1712 violare
1764 1653 1961 1733 -cujus
2003 1671 2113 1712 rex
2156 1653 2237 1713 sit
2282 1653 2344 1712 in
2394 1653 2571 1713 terris
2612 1652 2847 1731 image.

493 1753 788 1813 Attamen
843 1749 1001 1812 adeo
1057 1769 1278 1811 omnes
1335 1756 1579 1811 mentes
1636 1750 1911 1830 pervasit
1972 1750 2327 1811 communis
2392 1769 2468 1810 ea
2528 1757 2717 1811 aetate
2773 1751 2851 1812 de

495 1849 748 1928 tyranni
791 1849 962 1910 caede
1010 1847 1249 1927 opini0,
1291 1853 1597 1927 tantoque
1643 1866 1859 1909 amore
1911 1847 2005 1907 illi
2052 1848 2267 1910 favent
2314 1865 2533 1908 omnes
2573 1847 2849 1927 politicae

493 1946 882 2025 religiosaeve
912 1946 1219 2007 factiones
1248 1951 1390 2025 post
1420 1945 1829 2006 reformatam
1862 1945 2051 2006 fidem
2092 1953 2155 2006 et
2194 1951 2566 2048 reggvatum
2608 1945 2847 2006 littera·

493 2063 635 2105 rum
683 2043 986 2117 studium,
1028 2049 1099 2103 ut
1136 2042 1242 2103 ille
1281 2043 1679 2103 auctoritatis
1724 2049 2183 2122 propugnator,
2226 2061 2569 2121 suasorque
2621 2041 2848 2104 debitae

494 2142 746 2220 regibus
771 2140 1172 2214 obedientiae,
1207 2139 1639 2220 absolutaeque
1680 2139 2133 2201 dominationis
2173 2141 2383 2202 fautor
2412 2158 2543 2200 non
2574 2141 2849 2220 potuerit

493 2257 624 2300 non
669 2237 960 2300 assentiri
1012 2238 1114 2298 isti
1172 2237 1474 2299 doctrinae
1515 2244 1578 2298 et
1622 2256 2083 2315 nonnunquam
2136 2235 2628 2316 tyrannicidium
2672 2256 2846 2299 com-

495 2338 820 2417 probare„
1842 2333 1847 2337 ⁴

571 2432 916 2494 Exorditur
965 2433 1274 2494 secundus
1330 2432 1491 2494 liber
1545 2451 1585 2492 a
1632 2432 1987 2516 definiendo
2036 2432 2309 2494 civitatis
2354 2433 2662 2512 cujusque
2711 2431 2851 2512 quis

494 2531 823 2612 qualisque
851 2530 931 2593 sit
961 2537 1182 2593 statuS.
1218 2531 1365 2591 Tria
1395 2536 1644 2592 tantum
1675 2529 2289 2612 rerumpublicarum
2314 2549 2568 2609 genera,
2594 2549 2850 2593 monar-

491 2629 724 2703 chiam,
777 2630 1238 2691 aristocratiam
1283 2635 1346 2689 et
1388 2628 1850 2690 democratiam
1888 2628 2219 2689 constituit
2252 2628 2553 2689 BodinuS.
2594 2630 2843 2690 Monar-

491 2726 698 2790 chiam
745 2724 968 2787 definit
1011 2744 1207 2806 quum
1252 2726 1318 2785 in
1358 2724 1543 2785 unius
1594 2724 1924 2785 dominatu
1964 2730 2251 2785 versatur
2298 2723 2669 2804 reipublicae
2713 2744 2847 2786 ma·

482 2825 711 2905 j‘estas3
740 2823 1214 2894 democratiam,
1246 2840 1441 2902 quum
1471 2840 1714 2895 omnes,
1745 2822 2094 2901 autmajor
2119 2841 2265 2902 pars
2294 2824 2579 2884 omnium
2612 2823 2843 2885 civium

490 2923 677 2985 simul
709 2923 996 2997 collecta,
1021 2940 1338 2983 summum
1367 2919 1729 3000 reipublicae
1759 2920 2096 3009 imperium
2126 2920 2349 2995 habet;
2378 2921 2847 2983 aristocratiam

492 3041 688 3102 quum
743 3021 963 3102 paucis
1023 3018 1397 3100 quibusdam
1454 3017 1697 3078 civibus
1756 3020 1819 3077 in
1872 3018 2149 3097 reliquos
2201 3037 2517 3079 summum
2568 3021 2677 3099 jus
2728 3027 2841 3081 est.

488 3118 726 3179 Deinde
755 3118 940 3180 docet
965 3117 1266 3192 BodinuS,
1299 3134 1407 3176 eos
1445 3134 1657 3176 errare
1692 3122 1754 3175 et
1792 3115 2017 3195 decipi,
2048 3117 2155 3196 qui
2195 3123 2491 3196 quartum
2533 3136 2733 3196 genus
2770 3137 2846 3179 ex

492 3216 691 3277 tribus
719 3222 1143 3296 temperatum
1172 3219 1556 3293 posuerunt3
1590 3220 1651 3274 et
1694 3213 1850 3273 nihil
1884 3214 2196 3293 optimum
2236 3234 2312 3275 ex
2351 3215 2555 3275 tribus
2590 3218 2757 3277 inter
2784 3234 2847 3275 se

493 3313 768 3375 confusis
799 3312 1064 3373 existere
1093 3331 1277 3392 possc
1309 3316 1647 3373 asseverat.

571 3410 739 3472 Nihil
773 3410 886 3471 illa
929 3410 1152 3471 Bodini
1194 3410 1492 3490 opinione
1538 3409 1907 3488 notabilius,
1945 3429 2088 3488 quae
2130 3417 2608 3499 peropportune
2642 3412 2848 3491 aptari

492 3510 694 3590 possit
723 3510 804 3569 ad
839 3528 1046 3569 rerum
1092 3509 1488 3589 publicarum
1531 3512 1769 3568 statum
1814 3508 2020 3587 qualis
2064 3516 2281 3571 nostra
2326 3516 2511 3571 aetate
2550 3508 2745 3589 vulgo
2784 3510 2847 3571 in

493 3608 746 3687 Europa
774 3614 998 3667 exstat.
1031 3630 1060 3661 «
1095 3608 1182 3667 Ac
1207 3607 1259 3666 si
1279 3606 1559 3685 quidem,
1592 3605 1801 3685 inquit
1828 3605 2129 3679 Bodinus,
2156 3624 2233 3667 ex
2279 3606 2481 3667 tribus
2512 3606 2850 3686 generibus

496 3702 738 3765 'modice
771 3704 1134 3783 temperatis
1156 3710 1452 3783 quartum
1483 3720 1818 3781 exsurgere
1840 3703 2059 3783 possit,
2090 3703 2218 3763 vim
2243 3704 2587 3783 quamdam
2614 3711 2849 3766 natura

495 3803 808 3865 diversam
839 3821 879 3863 a
907 3800 1161 3881 reliquis
1187 3799 1551 3861 habiturum
1586 3807 1700 3873 est,
1740 3808 1809 3861 ut
1849 3802 1915 3860 in
1952 3806 2262 3862 concentu
2302 3801 2665 3863 harmonica
2702 3822 2846 3882 quae

496 3902 726 3963 dicitur
769 3900 1113 3982 properae,
1159 3919 1238 3960 ex
1283 3897 1699 3959 arithmeticis
1748 3916 1819 3958 ac
1869 3899 2271 3976 geometricis
2314 3898 2665 3961 rationibus
2710 3906 2847 3960 arte

495 4002 769 4061 confusis
825 3999 1055 4077 existit,
1117 3999 1196 4058 ab
1253 3998 1534 4077 utrisque
1597 4004 1809 4058 tamen
1870 3996 2276 4059 vehementer
2325 3998 2719 4077 discrepans;
2781 4003 2851 4057 ut

497 4116 764 4176 corpora
803 4117 942 4177 quae
982 4115 1057 4157 ex
1111 4095 1520 4157 dissimilibus
1569 4113 1642 4155 ac
1690 4094 2136 4155 dissidentibus
2178 4082 2420 4155 naturis
2460 4095 2847 4167 coalescunt,

496 4196 544 4255 si
571 4196 948 4255 misceantur
973 4194 1184 4269 simul,
1211 4194 1462 4255 tertium
1491 4191 1795 4271 quiddam
1827 4192 1906 4252 ab
1935 4193 2217 4272 utrisque
2240 4194 2501 4254 omnino
2528 4193 2847 4253 diversum

495 4293 798 4354 efficiunt.
841 4295 918 4353 At
955 4291 1109 4353 illud
1148 4291 1318 4371 quod
1367 4310 1445 4351 ex
1487 4290 1689 4351 tribus
1730 4290 2092 4370 reipublicae
2134 4290 2469 4369 generibus
2506 4292 2843 4362 conflatur,

495 4391 651 4450 nihil
677 4380 936 4452 omnino
968 4390 1177 4451 differt
1205 4408 1244 4450 a
1273 4388 1564 4469 populari
1594 4378 1794 4461 statu;
1830 4407 1976 4449 nam
2010 4390 2063 4449 si
2094 4396 2219 4450 tres
2239 4390 2543 4464 civitates,
2574 4406 2843 4469 quarum
