<?xml version="1.0" encoding="UTF-8"?>
<!DOCTYPE html PUBLIC "-//W3C//DTD XHTML 1.0 Transitional//EN"
    "http://www.w3.org/TR/xhtml1/DTD/xhtml1-transitional.dtd">
<html xmlns="http://www.w3.org/1999/xhtml" xml:lang="en" lang="en">
 <head>
  <title>
</title>
<meta http-equiv="Content-Type" content="text/html;charset=utf-8" />
  <meta name='ocr-system' content='tesseract 3.04.00' />
  <meta name='ocr-capabilities' content='ocr_page ocr_carea ocr_par ocr_line ocrx_word'/>
</head>
<body>
  <div class='ocr_page' id='page_1' title='image "./detyrannicidica00douagoog_0054.png"; bbox 0 0 3131 5145; ppageno 0'>
   <div class='ocr_carea' id='block_1_1' title="bbox 1508 427 1826 491">
    <p class='ocr_par' dir='ltr' id='par_1_1' title="bbox 1508 427 1826 491">
     <span class='ocr_line' id='line_1_1' title="bbox 1508 427 1826 491; baseline 0 -17"><span class='ocrx_word' id='word_1_1' title='bbox 1508 427 1826 491; x_wconf 79' lang='grc'><strong>...36-</strong></span> 
     </span>
    </p>
   </div>
   <div class='ocr_carea' id='block_1_2' title="bbox 449 561 2843 2479">
    <p class='ocr_par' dir='ltr' id='par_1_2' title="bbox 449 561 2843 938">
     <span class='ocr_line' id='line_1_2' title="bbox 491 561 2839 642; baseline -0 -19"><span class='ocrx_word' id='word_1_2' title='bbox 491 562 952 624; x_wconf 86' lang='lat' dir='ltr'><strong>bartholomaea</strong></span> <span class='ocrx_word' id='word_1_3' title='bbox 983 562 1236 624; x_wconf 88' lang='lat' dir='ltr'><strong>laniena</strong></span> <span class='ocrx_word' id='word_1_4' title='bbox 1265 562 1657 642; x_wconf 85' lang='lat' dir='ltr'><strong>exprompsit</strong></span> <span class='ocrx_word' id='word_1_5' title='bbox 1686 561 1995 642; x_wconf 89' lang='lat' dir='ltr'><strong>plurimos</strong></span> <span class='ocrx_word' id='word_1_6' title='bbox 2035 561 2231 623; x_wconf 85' lang='lat' dir='ltr'><strong>libros</strong></span> <span class='ocrx_word' id='word_1_7' title='bbox 2261 579 2300 622; x_wconf 87' lang='lat' dir='ltr'><strong>a</strong></span> <span class='ocrx_word' id='word_1_8' title='bbox 2337 561 2839 623; x_wconf 87' lang='lat' dir='ltr'><strong>calvinianorum</strong></span> 
     </span>
     <span class='ocr_line' id='line_1_3' title="bbox 449 655 2843 740; baseline -0.001 -18"><span class='ocrx_word' id='word_1_9' title='bbox 449 655 455 660; x_wconf 67' lang='grc'><em>’</em></span> <span class='ocrx_word' id='word_1_10' title='bbox 490 660 784 722; x_wconf 85' lang='lat' dir='ltr'><strong>manibus</strong></span> <span class='ocrx_word' id='word_1_11' title='bbox 811 679 825 722; x_wconf 76' lang='grc' dir='ltr'>ε</span> <span class='ocrx_word' id='word_1_12' title='bbox 860 661 970 740; x_wconf 91' lang='lat' dir='ltr'><strong>qui</strong></span> <span class='ocrx_word' id='word_1_13' title='bbox 1001 659 1294 720; x_wconf 86' lang='lat' dir='ltr'><strong>omnibus</strong></span> <span class='ocrx_word' id='word_1_14' title='bbox 1323 658 1705 720; x_wconf 81' lang='lat' dir='ltr'><strong>eruciatibus</strong></span> <span class='ocrx_word' id='word_1_15' title='bbox 1733 658 1945 720; x_wconf 87' lang='lat' dir='ltr'><strong>vexati</strong></span> <span class='ocrx_word' id='word_1_16' title='bbox 1974 658 2321 740; x_wconf 88' lang='lat' dir='ltr'><strong>exsilioque</strong></span> <span class='ocrx_word' id='word_1_17' title='bbox 2353 659 2663 733; x_wconf 91' lang='lat' dir='ltr'><strong>mulctati,</strong></span> <span class='ocrx_word' id='word_1_18' title='bbox 2697 659 2843 720; x_wconf 89' lang='lat' dir='ltr'><strong>sub-</strong></span> 
     </span>
     <span class='ocr_line' id='line_1_4' title="bbox 488 756 2843 838; baseline -0.001 -18"><span class='ocrx_word' id='word_1_19' title='bbox 488 759 620 820; x_wconf 90' lang='lat' dir='ltr'><strong>lata</strong></span> <span class='ocrx_word' id='word_1_20' title='bbox 674 757 1061 837; x_wconf 84' lang='lat' dir='ltr'><strong>praedicandi</strong></span> <span class='ocrx_word' id='word_1_21' title='bbox 1119 757 1439 830; x_wconf 81' lang='lat' dir='ltr'><strong>facultate,</strong></span> <span class='ocrx_word' id='word_1_22' title='bbox 1491 757 1741 836; x_wconf 88' lang='lat' dir='ltr'><strong>scriptis</strong></span> <span class='ocrx_word' id='word_1_23' title='bbox 1797 763 1859 818; x_wconf 87' lang='lat' dir='ltr'><strong>et</strong></span> <span class='ocrx_word' id='word_1_24' title='bbox 1907 756 2092 818; x_wconf 89' lang='lat' dir='ltr'><strong>editis</strong></span> <span class='ocrx_word' id='word_1_25' title='bbox 2147 756 2325 818; x_wconf 89' lang='lat' dir='ltr'><strong>libris</strong></span> <span class='ocrx_word' id='word_1_26' title='bbox 2372 776 2489 838; x_wconf 90' lang='lat' dir='ltr'><strong>pro</strong></span> <span class='ocrx_word' id='word_1_27' title='bbox 2548 757 2672 818; x_wconf 85' lang='lat' dir='ltr'><strong>fide</strong></span> <span class='ocrx_word' id='word_1_28' title='bbox 2730 775 2843 819; x_wconf 87' lang='lat' dir='ltr'><strong>sua</strong></span> 
     </span>
     <span class='ocr_line' id='line_1_5' title="bbox 488 845 1865 938; baseline -0.003 -21"><span class='ocrx_word' id='word_1_29' title='bbox 488 859 1076 938; x_wconf 88' lang='lat' dir='ltr'><strong>propugnaverunt.</strong></span> <span class='ocrx_word' id='word_1_30' title='bbox 1860 845 1865 850; x_wconf 62' lang='grc'><em>’</em></span> 
     </span>
    </p>

    <p class='ocr_par' dir='ltr' id='par_1_3' title="bbox 486 951 2842 1600">
     <span class='ocr_line' id='line_1_6' title="bbox 569 951 2842 1034; baseline -0 -20"><span class='ocrx_word' id='word_1_31' title='bbox 569 956 739 1015; x_wconf 84' lang='lat' dir='ltr'><strong>Inter</strong></span> <span class='ocrx_word' id='word_1_32' title='bbox 763 973 922 1033; x_wconf 89' lang='lat' dir='ltr'><strong>quos</strong></span> <span class='ocrx_word' id='word_1_33' title='bbox 951 953 1153 1034; x_wconf 88' lang='lat' dir='ltr'><strong>poetis</strong></span> <span class='ocrx_word' id='word_1_34' title='bbox 1184 952 1406 1033; x_wconf 84' lang='lat' dir='ltr'><strong>primae</strong></span> <span class='ocrx_word' id='word_1_35' title='bbox 1439 958 1649 1033; x_wconf 89' lang='lat' dir='ltr'><strong>partes</strong></span> <span class='ocrx_word' id='word_1_36' title='bbox 1678 951 2031 1014; x_wconf 70' lang='lat' dir='ltr'><strong>tribuendae</strong></span> <span class='ocrx_word' id='word_1_37' title='bbox 2058 959 2227 1026; x_wconf 89' lang='lat' dir='ltr'><strong>sunt,</strong></span> <span class='ocrx_word' id='word_1_38' title='bbox 2254 971 2522 1032; x_wconf 89' lang='lat' dir='ltr'><strong>quorum</strong></span> <span class='ocrx_word' id='word_1_39' title='bbox 2558 953 2842 1014; x_wconf 89' lang='lat' dir='ltr'><strong>carmina</strong></span> 
     </span>
     <span class='ocr_line' id='line_1_7' title="bbox 486 1049 2837 1133; baseline -0.001 -20"><span class='ocrx_word' id='word_1_40' title='bbox 486 1054 674 1130; x_wconf 89' lang='lat' dir='ltr'><strong>longe</strong></span> <span class='ocrx_word' id='word_1_41' title='bbox 703 1053 955 1133; x_wconf 88' lang='lat' dir='ltr'><strong>lateque</strong></span> <span class='ocrx_word' id='word_1_42' title='bbox 977 1051 1405 1132; x_wconf 86' lang='lat' dir='ltr'><strong>pervadebant</strong></span> <span class='ocrx_word' id='word_1_43' title='bbox 1437 1049 1516 1111; x_wconf 90' lang='lat' dir='ltr'><strong>ab</strong></span> <span class='ocrx_word' id='word_1_44' title='bbox 1547 1051 1844 1112; x_wconf 89' lang='lat' dir='ltr'><strong>omnibus</strong></span> <span class='ocrx_word' id='word_1_45' title='bbox 1878 1051 2143 1112; x_wconf 87' lang='lat' dir='ltr'><strong>recitata</strong></span> <span class='ocrx_word' id='word_1_46' title='bbox 2163 1058 2225 1112; x_wconf 89' lang='lat' dir='ltr'><strong>et</strong></span> <span class='ocrx_word' id='word_1_47' title='bbox 2246 1051 2445 1112; x_wconf 79' lang='lat' dir='ltr'><strong>fusius</strong></span> <span class='ocrx_word' id='word_1_48' title='bbox 2474 1050 2837 1130; x_wconf 85' lang='lat' dir='ltr'><strong>explanata,</strong></span> 
     </span>
     <span class='ocr_line' id='line_1_8' title="bbox 486 1148 2836 1230; baseline -0.001 -19"><span class='ocrx_word' id='word_1_49' title='bbox 486 1169 685 1230; x_wconf 89' lang='lat' dir='ltr'><strong>eoque</strong></span> <span class='ocrx_word' id='word_1_50' title='bbox 730 1149 932 1229; x_wconf 89' lang='lat' dir='ltr'><strong>magis</strong></span> <span class='ocrx_word' id='word_1_51' title='bbox 969 1149 1140 1229; x_wconf 91' lang='lat' dir='ltr'><strong>quod</strong></span> <span class='ocrx_word' id='word_1_52' title='bbox 1179 1149 1336 1209; x_wconf 89' lang='lat' dir='ltr'><strong>miro</strong></span> <span class='ocrx_word' id='word_1_53' title='bbox 1378 1148 1657 1228; x_wconf 88' lang='lat' dir='ltr'><strong>quodam</strong></span> <span class='ocrx_word' id='word_1_54' title='bbox 1700 1167 1849 1209; x_wconf 87' lang='lat' dir='ltr'><strong>casu</strong></span> <span class='ocrx_word' id='word_1_55' title='bbox 1888 1149 2014 1210; x_wconf 92' lang='lat' dir='ltr'><strong>duo</strong></span> <span class='ocrx_word' id='word_1_56' title='bbox 2062 1149 2232 1210; x_wconf 80' lang='lat' dir='ltr'><strong>suere</strong></span> <span class='ocrx_word' id='word_1_57' title='bbox 2269 1148 2466 1210; x_wconf 92' lang='lat' dir='ltr'><strong>nobili</strong></span> <span class='ocrx_word' id='word_1_58' title='bbox 2511 1149 2650 1210; x_wconf 89' lang='lat' dir='ltr'><strong>loco</strong></span> <span class='ocrx_word' id='word_1_59' title='bbox 2696 1150 2836 1220; x_wconf 87' lang='lat' dir='ltr'><strong>viri,</strong></span> 
     </span>
     <span class='ocr_line' id='line_1_9' title="bbox 486 1246 2841 1328; baseline -0.001 -18"><span class='ocrx_word' id='word_1_60' title='bbox 486 1248 854 1310; x_wconf 86' lang='lat' dir='ltr'><strong>Guillelmus</strong></span> <span class='ocrx_word' id='word_1_61' title='bbox 901 1247 1231 1310; x_wconf 78' lang='lat' dir='ltr'>Sallustius</span> <span class='ocrx_word' id='word_1_62' title='bbox 1259 1247 1580 1308; x_wconf 86' lang='lat' dir='ltr'><strong>Bartasius</strong></span> <span class='ocrx_word' id='word_1_63' title='bbox 1622 1252 1683 1308; x_wconf 91' lang='lat' dir='ltr'><strong>et</strong></span> <span class='ocrx_word' id='word_1_64' title='bbox 1714 1247 2000 1328; x_wconf 81' lang='lat' dir='ltr'>Agrippa</span> <span class='ocrx_word' id='word_1_65' title='bbox 2031 1246 2340 1321; x_wconf 84' lang='lat' dir='ltr'><strong>Albinius,</strong></span> <span class='ocrx_word' id='word_1_66' title='bbox 2376 1247 2484 1327; x_wconf 91' lang='lat' dir='ltr'><strong>qui</strong></span> <span class='ocrx_word' id='word_1_67' title='bbox 2531 1248 2841 1308; x_wconf 88' lang='lat' dir='ltr'><strong>acerrima</strong></span> 
     </span>
     <span class='ocr_line' id='line_1_10' title="bbox 486 1344 2839 1426; baseline -0.001 -19"><span class='ocrx_word' id='word_1_68' title='bbox 486 1345 846 1426; x_wconf 82' lang='lat' dir='ltr'><strong>eloquentia</strong></span> <span class='ocrx_word' id='word_1_69' title='bbox 875 1345 1371 1422; x_wconf 82' lang='lat' dir='ltr'><strong>indignationem</strong></span> <span class='ocrx_word' id='word_1_70' title='bbox 1405 1349 1877 1424; x_wconf 85' lang='lat' dir='ltr'><strong>expresserunt,</strong></span> <span class='ocrx_word' id='word_1_71' title='bbox 1911 1344 2343 1424; x_wconf 88' lang='lat' dir='ltr'><strong>ultionemque</strong></span> <span class='ocrx_word' id='word_1_72' title='bbox 2368 1345 2793 1423; x_wconf 86' lang='lat' dir='ltr'><strong>exigendam</strong></span> <span class='ocrx_word' id='word_1_73' title='bbox 2776 1364 2839 1405; x_wconf 81' lang='grc' dir='ltr'><strong>ιη</strong></span> 
     </span>
     <span class='ocr_line' id='line_1_11' title="bbox 486 1441 2840 1523; baseline 0 -20"><span class='ocrx_word' id='word_1_74' title='bbox 486 1444 756 1504; x_wconf 64' lang='lat' dir='ltr'><strong>saevitias</strong></span> <span class='ocrx_word' id='word_1_75' title='bbox 788 1442 1017 1522; x_wconf 89' lang='lat' dir='ltr'><strong>quibus</strong></span> <span class='ocrx_word' id='word_1_76' title='bbox 1055 1441 1150 1503; x_wconf 88' lang='lat' dir='ltr'><strong>sui</strong></span> <span class='ocrx_word' id='word_1_77' title='bbox 1189 1442 1440 1503; x_wconf 86' lang='lat' dir='ltr'><strong>fuerant</strong></span> <span class='ocrx_word' id='word_1_78' title='bbox 1474 1441 1735 1502; x_wconf 83' lang='lat' dir='ltr'><strong>obnoxii</strong></span> <span class='ocrx_word' id='word_1_79' title='bbox 1775 1441 2158 1521; x_wconf 87' lang='lat' dir='ltr'><strong>irrogavere,</strong></span> <span class='ocrx_word' id='word_1_80' title='bbox 2191 1448 2252 1502; x_wconf 88' lang='lat' dir='ltr'><strong>et</strong></span> <span class='ocrx_word' id='word_1_81' title='bbox 2292 1442 2539 1503; x_wconf 83' lang='lat' dir='ltr'><strong>fortiter</strong></span> <span class='ocrx_word' id='word_1_82' title='bbox 2571 1461 2689 1523; x_wconf 90' lang='lat' dir='ltr'><strong>pro</strong></span> <span class='ocrx_word' id='word_1_83' title='bbox 2728 1463 2840 1505; x_wconf 86' lang='lat' dir='ltr'><strong>sua</strong></span> 
     </span>
     <span class='ocr_line' id='line_1_12' title="bbox 487 1538 1847 1601; baseline -0.001 -1"><span class='ocrx_word' id='word_1_84' title='bbox 487 1559 677 1600; x_wconf 90' lang='lat' dir='ltr'><strong>causa</strong></span> <span class='ocrx_word' id='word_1_85' title='bbox 705 1546 768 1600; x_wconf 91' lang='lat' dir='ltr'><strong>et</strong></span> <span class='ocrx_word' id='word_1_86' title='bbox 796 1538 1043 1600; x_wconf 90' lang='lat' dir='ltr'><strong>calamo</strong></span> <span class='ocrx_word' id='word_1_87' title='bbox 1073 1547 1136 1600; x_wconf 86' lang='lat' dir='ltr'><strong>et</strong></span> <span class='ocrx_word' id='word_1_88' title='bbox 1167 1558 1313 1600; x_wconf 89' lang='lat' dir='ltr'><strong>ense</strong></span> <span class='ocrx_word' id='word_1_89' title='bbox 1341 1539 1847 1601; x_wconf 84' lang='lat' dir='ltr'><strong>decertaverunt.</strong></span> 
     </span>
    </p>

    <p class='ocr_par' dir='ltr' id='par_1_4' title="bbox 483 1635 2841 2479">
     <span class='ocr_line' id='line_1_13' title="bbox 566 1635 2837 1718; baseline 0.001 -21"><span class='ocrx_word' id='word_1_90' title='bbox 566 1636 913 1698; x_wconf 82' lang='lat' dir='ltr'><strong>Fatendum</strong></span> <span class='ocrx_word' id='word_1_91' title='bbox 962 1643 1056 1698; x_wconf 87' lang='lat' dir='ltr'><strong>est</strong></span> <span class='ocrx_word' id='word_1_92' title='bbox 1094 1643 1307 1699; x_wconf 88' lang='lat' dir='ltr'><strong>tamen</strong></span> <span class='ocrx_word' id='word_1_93' title='bbox 1348 1643 1573 1716; x_wconf 89' lang='lat' dir='ltr'><strong>poetas</strong></span> <span class='ocrx_word' id='word_1_94' title='bbox 1614 1635 2005 1698; x_wconf 84' lang='lat' dir='ltr'><strong>calvinianos</strong></span> <span class='ocrx_word' id='word_1_95' title='bbox 2038 1655 2236 1716; x_wconf 91' lang='lat' dir='ltr'><strong>quum</strong></span> <span class='ocrx_word' id='word_1_96' title='bbox 2277 1637 2548 1718; x_wconf 85' lang='lat' dir='ltr'><strong>politicis</strong></span> <span class='ocrx_word' id='word_1_97' title='bbox 2592 1644 2655 1698; x_wconf 90' lang='lat' dir='ltr'><strong>et</strong></span> <span class='ocrx_word' id='word_1_98' title='bbox 2695 1639 2837 1700; x_wconf 89' lang='lat' dir='ltr'><strong>reli-</strong></span> 
     </span>
     <span class='ocr_line' id='line_1_14' title="bbox 487 1733 2839 1816; baseline 0.002 -21"><span class='ocrx_word' id='word_1_99' title='bbox 487 1735 676 1815; x_wconf 87' lang='lat' dir='ltr'><strong>giosis</strong></span> <span class='ocrx_word' id='word_1_100' title='bbox 705 1735 1156 1816; x_wconf 85' lang='lat' dir='ltr'><strong>cupiditatibus</strong></span> <span class='ocrx_word' id='word_1_101' title='bbox 1188 1735 1539 1797; x_wconf 86' lang='lat' dir='ltr'><strong>carminum</strong></span> <span class='ocrx_word' id='word_1_102' title='bbox 1568 1735 1860 1796; x_wconf 89' lang='lat' dir='ltr'><strong>stimulos</strong></span> <span class='ocrx_word' id='word_1_103' title='bbox 1880 1733 2242 1814; x_wconf 84' lang='lat' dir='ltr'><strong>subderent,</strong></span> <span class='ocrx_word' id='word_1_104' title='bbox 2267 1735 2423 1795; x_wconf 89' lang='lat' dir='ltr'><strong>nihil</strong></span> <span class='ocrx_word' id='word_1_105' title='bbox 2446 1735 2615 1797; x_wconf 89' lang='lat' dir='ltr'><strong>aliud</strong></span> <span class='ocrx_word' id='word_1_106' title='bbox 2646 1755 2839 1816; x_wconf 90' lang='lat' dir='ltr'><strong>quam</strong></span> 
     </span>
     <span class='ocr_line' id='line_1_15' title="bbox 487 1832 2841 1913; baseline 0.001 -20"><span class='ocrx_word' id='word_1_107' title='bbox 487 1851 714 1913; x_wconf 88' lang='lat' dir='ltr'><strong>pravas</strong></span> <span class='ocrx_word' id='word_1_108' title='bbox 744 1839 909 1894; x_wconf 84' lang='lat' dir='ltr'><strong>artes</strong></span> <span class='ocrx_word' id='word_1_109' title='bbox 939 1840 1001 1894; x_wconf 91' lang='lat' dir='ltr'><strong>et</strong></span> <span class='ocrx_word' id='word_1_110' title='bbox 1030 1832 1388 1912; x_wconf 84' lang='lat' dir='ltr'><strong>exemplum</strong></span> <span class='ocrx_word' id='word_1_111' title='bbox 1433 1832 1894 1895; x_wconf 84' lang='lat' dir='ltr'><strong>catholicorum</strong></span> <span class='ocrx_word' id='word_1_112' title='bbox 1926 1832 2226 1895; x_wconf 84' lang='lat' dir='ltr'><strong>imitatos.</strong></span> <span class='ocrx_word' id='word_1_113' title='bbox 2262 1834 2411 1906; x_wconf 88' lang='lat' dir='ltr'><strong>Quis</strong></span> <span class='ocrx_word' id='word_1_114' title='bbox 2442 1833 2607 1893; x_wconf 91' lang='lat' dir='ltr'><strong>enim</strong></span> <span class='ocrx_word' id='word_1_115' title='bbox 2643 1835 2841 1896; x_wconf 87' lang='lat' dir='ltr'><strong>nescit</strong></span> 
     </span>
     <span class='ocr_line' id='line_1_16' title="bbox 488 1929 2838 2010; baseline 0.001 -20"><span class='ocrx_word' id='word_1_116' title='bbox 488 1932 907 2004; x_wconf 86' lang='lat' dir='ltr'><strong>Ronsardum,</strong></span> <span class='ocrx_word' id='word_1_117' title='bbox 939 1930 1324 1993; x_wconf 90' lang='lat' dir='ltr'><strong>Gallicorum</strong></span> <span class='ocrx_word' id='word_1_118' title='bbox 1357 1936 1691 2010; x_wconf 90' lang='lat' dir='ltr'><strong>poetarum</strong></span> <span class='ocrx_word' id='word_1_119' title='bbox 1719 1929 2094 2010; x_wconf 85' lang='lat' dir='ltr'><strong>principem,</strong></span> <span class='ocrx_word' id='word_1_120' title='bbox 2128 1949 2293 2010; x_wconf 88' lang='lat' dir='ltr'><strong>saepe</strong></span> <span class='ocrx_word' id='word_1_121' title='bbox 2321 1930 2660 1992; x_wconf 89' lang='lat' dir='ltr'><strong>deterrimo</strong></span> <span class='ocrx_word' id='word_1_122' title='bbox 2692 1932 2838 1993; x_wconf 89' lang='lat' dir='ltr'><strong>odio</strong></span> 
     </span>
     <span class='ocr_line' id='line_1_17' title="bbox 486 2026 2837 2106; baseline 0.002 -19"><span class='ocrx_word' id='word_1_123' title='bbox 486 2028 550 2088; x_wconf 90' lang='lat' dir='ltr'><strong>in</strong></span> <span class='ocrx_word' id='word_1_124' title='bbox 581 2033 1002 2106; x_wconf 88' lang='lat' dir='ltr'><strong>protestantes</strong></span> <span class='ocrx_word' id='word_1_125' title='bbox 1035 2027 1364 2088; x_wconf 89' lang='lat' dir='ltr'><strong>indulsisse</strong></span> <span class='ocrx_word' id='word_1_126' title='bbox 1395 2033 1457 2088; x_wconf 91' lang='lat' dir='ltr'><strong>et</strong></span> <span class='ocrx_word' id='word_1_127' title='bbox 1489 2028 1568 2088; x_wconf 90' lang='lat' dir='ltr'><strong>ad</strong></span> <span class='ocrx_word' id='word_1_128' title='bbox 1599 2026 1945 2089; x_wconf 72' lang='lat' dir='ltr'><strong>saevissima</strong></span> <span class='ocrx_word' id='word_1_129' title='bbox 1974 2027 2257 2088; x_wconf 84' lang='lat' dir='ltr'><strong>convicia</strong></span> <span class='ocrx_word' id='word_1_130' title='bbox 2278 2027 2465 2088; x_wconf 83' lang='lat' dir='ltr'><strong>fuisse</strong></span> <span class='ocrx_word' id='word_1_131' title='bbox 2496 2028 2837 2104; x_wconf 79' lang='lat' dir='ltr'><strong>invectum,</strong></span> 
     </span>
     <span class='ocr_line' id='line_1_18' title="bbox 486 2125 2841 2207; baseline 0.002 -23"><span class='ocrx_word' id='word_1_132' title='bbox 486 2125 952 2207; x_wconf 89' lang='lat' dir='ltr'><strong>discipulosque</strong></span> <span class='ocrx_word' id='word_1_133' title='bbox 1003 2125 1138 2205; x_wconf 87' lang='lat' dir='ltr'><strong>ejus</strong></span> <span class='ocrx_word' id='word_1_134' title='bbox 1182 2126 1469 2206; x_wconf 85' lang='lat' dir='ltr'><strong>magistri</strong></span> <span class='ocrx_word' id='word_1_135' title='bbox 1503 2125 1796 2186; x_wconf 89' lang='lat' dir='ltr'><strong>habitum</strong></span> <span class='ocrx_word' id='word_1_136' title='bbox 1838 2131 1900 2186; x_wconf 89' lang='lat' dir='ltr'><strong>et</strong></span> <span class='ocrx_word' id='word_1_137' title='bbox 1935 2127 2159 2186; x_wconf 89' lang='lat' dir='ltr'><strong>modos</strong></span> <span class='ocrx_word' id='word_1_138' title='bbox 2198 2125 2525 2187; x_wconf 80' lang='lat' dir='ltr'><strong>retulisse?</strong></span> <span class='ocrx_word' id='word_1_139' title='bbox 2554 2128 2718 2189; x_wconf 89' lang='lat' dir='ltr'><strong>Satis</strong></span> <span class='ocrx_word' id='word_1_140' title='bbox 2762 2128 2841 2189; x_wconf 88' lang='lat' dir='ltr'><strong>sit</strong></span> 
     </span>
     <span class='ocr_line' id='line_1_19' title="bbox 485 2223 2835 2305; baseline 0.002 -22"><span class='ocrx_word' id='word_1_141' title='bbox 485 2241 988 2284; x_wconf 89' lang='lat' dir='ltr'><strong>commemorare</strong></span> <span class='ocrx_word' id='word_1_142' title='bbox 1027 2229 1266 2303; x_wconf 89' lang='lat' dir='ltr'><strong>quanta</strong></span> <span class='ocrx_word' id='word_1_143' title='bbox 1314 2224 1743 2298; x_wconf 86' lang='lat' dir='ltr'><strong>contumacia,</strong></span> <span class='ocrx_word' id='word_1_144' title='bbox 1785 2242 2009 2304; x_wconf 89' lang='lat' dir='ltr'><strong>parum</strong></span> <span class='ocrx_word' id='word_1_145' title='bbox 2051 2223 2395 2286; x_wconf 86' lang='lat' dir='ltr'><strong>christiano</strong></span> <span class='ocrx_word' id='word_1_146' title='bbox 2438 2223 2575 2286; x_wconf 90' lang='lat' dir='ltr'><strong>viro</strong></span> <span class='ocrx_word' id='word_1_147' title='bbox 2619 2226 2835 2305; x_wconf 89' lang='lat' dir='ltr'><strong>digna,</strong></span> 
     </span>
     <span class='ocr_line' id='line_1_20' title="bbox 483 2318 2840 2401; baseline 0.002 -20"><span class='ocrx_word' id='word_1_148' title='bbox 483 2318 799 2400; x_wconf 82' lang='lat' dir='ltr'><strong>optaverit</strong></span> <span class='ocrx_word' id='word_1_149' title='bbox 827 2319 1108 2381; x_wconf 87' lang='lat' dir='ltr'><strong>amiralis</strong></span> <span class='ocrx_word' id='word_1_150' title='bbox 1154 2321 1378 2383; x_wconf 87' lang='lat' dir='ltr'><strong>Colinii</strong></span> <span class='ocrx_word' id='word_1_151' title='bbox 1417 2340 1662 2400; x_wconf 89' lang='lat' dir='ltr'><strong>necem,</strong></span> <span class='ocrx_word' id='word_1_152' title='bbox 1698 2328 1760 2382; x_wconf 85' lang='lat' dir='ltr'><strong>et</strong></span> <span class='ocrx_word' id='word_1_153' title='bbox 1802 2320 2209 2382; x_wconf 87' lang='lat' dir='ltr'><strong>trucidandos</strong></span> <span class='ocrx_word' id='word_1_154' title='bbox 2249 2340 2382 2382; x_wconf 88' lang='lat' dir='ltr'><strong>esse</strong></span> <span class='ocrx_word' id='word_1_155' title='bbox 2417 2328 2840 2401; x_wconf 81' lang='lat' dir='ltr'><strong>protestantes</strong></span> 
     </span>
     <span class='ocr_line' id='line_1_21' title="bbox 483 2416 1290 2479; baseline 0.001 -2"><span class='ocrx_word' id='word_1_156' title='bbox 483 2416 877 2478; x_wconf 86' lang='lat' dir='ltr'><strong>contenderit</strong></span> <span class='ocrx_word' id='word_1_157' title='bbox 905 2416 1004 2478; x_wconf 90' lang='lat' dir='ltr'><strong>his</strong></span> <span class='ocrx_word' id='word_1_158' title='bbox 1032 2418 1240 2479; x_wconf 87' lang='lat' dir='ltr'><strong>verbis</strong></span> <span class='ocrx_word' id='word_1_159' title='bbox 1275 2434 1290 2478; x_wconf 90' lang='lat'>:</span> 
     </span>
    </p>
   </div>
   <div class='ocr_carea' id='block_1_3' title="bbox 691 2558 2452 3513">
    <p class='ocr_par' dir='ltr' id='par_1_5' title="bbox 694 2558 2303 2874">
     <span class='ocr_line' id='line_1_22' title="bbox 696 2558 2303 2634; baseline 0.001 -19"><span class='ocrx_word' id='word_1_160' title='bbox 696 2558 836 2615; x_wconf 88' lang='lat' dir='ltr'><strong>Dieu</strong></span> <span class='ocrx_word' id='word_1_161' title='bbox 863 2562 991 2616; x_wconf 89' lang='lat' dir='ltr'><strong>tout</strong></span> <span class='ocrx_word' id='word_1_162' title='bbox 1016 2560 1200 2633; x_wconf 87' lang='lat' dir='ltr'><strong>grand</strong></span> <span class='ocrx_word' id='word_1_163' title='bbox 1231 2564 1290 2617; x_wconf 95' lang='lat' dir='ltr'><strong>et</strong></span> <span class='ocrx_word' id='word_1_164' title='bbox 1315 2563 1445 2617; x_wconf 91' lang='lat' dir='ltr'><strong>tout</strong></span> <span class='ocrx_word' id='word_1_165' title='bbox 1473 2561 1613 2631; x_wconf 88' lang='lat' dir='ltr'><strong>hon,</strong></span> <span class='ocrx_word' id='word_1_166' title='bbox 1646 2560 1744 2634; x_wconf 90' lang='lat' dir='ltr'><strong>qui</strong></span> <span class='ocrx_word' id='word_1_167' title='bbox 1774 2560 1999 2617; x_wconf 86' lang='lat' dir='ltr'><strong>habites</strong></span> <span class='ocrx_word' id='word_1_168' title='bbox 2027 2561 2110 2617; x_wconf 88' lang='lat' dir='ltr'><strong>les</strong></span> <span class='ocrx_word' id='word_1_169' title='bbox 2140 2578 2303 2627; x_wconf 82' lang='lat' dir='ltr'><strong>nueS,</strong></span> 
     </span>
     <span class='ocr_line' id='line_1_23' title="bbox 696 2639 2210 2716; baseline 0.001 -21"><span class='ocrx_word' id='word_1_170' title='bbox 696 2641 764 2695; x_wconf 88' lang='lat' dir='ltr'><strong>Et</strong></span> <span class='ocrx_word' id='word_1_171' title='bbox 796 2639 896 2712; x_wconf 91' lang='lat' dir='ltr'><strong>qui</strong></span> <span class='ocrx_word' id='word_1_172' title='bbox 925 2640 1156 2713; x_wconf 83' lang='lat' dir='ltr'><strong>cognois</strong></span> <span class='ocrx_word' id='word_1_173' title='bbox 1186 2640 1473 2697; x_wconf 88' lang='lat' dir='ltr'><strong>l&#39;autbeur</strong></span> <span class='ocrx_word' id='word_1_174' title='bbox 1503 2642 1603 2697; x_wconf 88' lang='lat' dir='ltr'><strong>des</strong></span> <span class='ocrx_word' id='word_1_175' title='bbox 1633 2659 1867 2716; x_wconf 79' lang='lat' dir='ltr'><strong>guerras</strong></span> <span class='ocrx_word' id='word_1_176' title='bbox 1896 2642 2210 2710; x_wconf 78' lang='lat' dir='ltr'><strong>advenueS,</strong></span> 
     </span>
     <span class='ocr_line' id='line_1_24' title="bbox 694 2718 2223 2793; baseline 0.001 -19"><span class='ocrx_word' id='word_1_177' title='bbox 694 2718 832 2775; x_wconf 92' lang='lat' dir='ltr'><strong>Dieu</strong></span> <span class='ocrx_word' id='word_1_178' title='bbox 866 2718 963 2792; x_wconf 93' lang='lat' dir='ltr'><strong>qui</strong></span> <span class='ocrx_word' id='word_1_179' title='bbox 993 2721 1272 2793; x_wconf 85' lang='lat' dir='ltr'><strong>regardes</strong></span> <span class='ocrx_word' id='word_1_180' title='bbox 1307 2724 1449 2789; x_wconf 92' lang='lat' dir='ltr'><strong>tout,</strong></span> <span class='ocrx_word' id='word_1_181' title='bbox 1475 2721 1576 2793; x_wconf 90' lang='lat' dir='ltr'><strong>qui</strong></span> <span class='ocrx_word' id='word_1_182' title='bbox 1606 2721 1727 2777; x_wconf 86' lang='lat' dir='ltr'><strong>vois</strong></span> <span class='ocrx_word' id='word_1_183' title='bbox 1758 2726 1885 2776; x_wconf 88' lang='lat' dir='ltr'><strong>tout</strong></span> <span class='ocrx_word' id='word_1_184' title='bbox 1912 2725 1972 2777; x_wconf 88' lang='lat' dir='ltr'><strong>et</strong></span> <span class='ocrx_word' id='word_1_185' title='bbox 1998 2726 2223 2786; x_wconf 84' lang='lat' dir='ltr'><strong>entenS,</strong></span> 
     </span>
     <span class='ocr_line' id='line_1_25' title="bbox 695 2800 2191 2874; baseline 0.001 -19"><span class='ocrx_word' id='word_1_186' title='bbox 695 2802 912 2867; x_wconf 87' lang='lat' dir='ltr'><strong>Donne,</strong></span> <span class='ocrx_word' id='word_1_187' title='bbox 941 2801 1001 2872; x_wconf 87' lang='lat' dir='ltr'><strong>je</strong></span> <span class='ocrx_word' id='word_1_188' title='bbox 1030 2803 1087 2856; x_wconf 87' lang='lat' dir='ltr'><strong>te</strong></span> <span class='ocrx_word' id='word_1_189' title='bbox 1117 2800 1347 2873; x_wconf 90' lang='lat' dir='ltr'><strong>suppli’,</strong></span> <span class='ocrx_word' id='word_1_190' title='bbox 1383 2818 1494 2874; x_wconf 90' lang='lat' dir='ltr'><strong>que</strong></span> <span class='ocrx_word' id='word_1_191' title='bbox 1526 2801 1745 2857; x_wconf 88' lang='lat' dir='ltr'><strong>l&#39;herbe</strong></span> <span class='ocrx_word' id='word_1_192' title='bbox 1769 2801 1845 2856; x_wconf 90' lang='lat' dir='ltr'><strong>du</strong></span> <span class='ocrx_word' id='word_1_193' title='bbox 1873 2800 2191 2872; x_wconf 88' lang='lat' dir='ltr'><strong>printemps</strong></span> 
     </span>
    </p>

    <p class='ocr_par' dir='ltr' id='par_1_6' title="bbox 692 2882 2295 3111">
     <span class='ocr_line' id='line_1_26' title="bbox 695 2882 2223 2955; baseline 0 -18"><span class='ocrx_word' id='word_1_194' title='bbox 695 2882 751 2937; x_wconf 89' lang='lat' dir='ltr'><strong>Si</strong></span> <span class='ocrx_word' id='word_1_195' title='bbox 778 2886 895 2938; x_wconf 90' lang='lat' dir='ltr'><strong>tost</strong></span> <span class='ocrx_word' id='word_1_196' title='bbox 923 2899 1130 2955; x_wconf 88' lang='lat' dir='ltr'><strong>parmy</strong></span> <span class='ocrx_word' id='word_1_197' title='bbox 1161 2884 1243 2940; x_wconf 91' lang='lat' dir='ltr'><strong>les</strong></span> <span class='ocrx_word' id='word_1_198' title='bbox 1275 2884 1514 2954; x_wconf 88' lang='lat' dir='ltr'><strong>champs</strong></span> <span class='ocrx_word' id='word_1_199' title='bbox 1548 2884 1810 2938; x_wconf 84' lang='lat' dir='ltr'><strong>nouvelle</strong></span> <span class='ocrx_word' id='word_1_200' title='bbox 1840 2900 1912 2938; x_wconf 88' lang='lat' dir='ltr'><strong>ne</strong></span> <span class='ocrx_word' id='word_1_201' title='bbox 1943 2883 2223 2951; x_wconf 78' lang='lat' dir='ltr'><strong>lleurisse,</strong></span> 
     </span>
     <span class='ocr_line' id='line_1_27' title="bbox 695 2962 2295 3032; baseline 0.001 -16"><span class='ocrx_word' id='word_1_202' title='bbox 695 2962 814 3027; x_wconf 87' lang='lat' dir='ltr'><strong>Que</strong></span> <span class='ocrx_word' id='word_1_203' title='bbox 841 2962 1133 3017; x_wconf 87' lang='lat' dir='ltr'><strong>l’autheur</strong></span> <span class='ocrx_word' id='word_1_204' title='bbox 1160 2963 1230 3018; x_wconf 90' lang='lat' dir='ltr'><strong>de</strong></span> <span class='ocrx_word' id='word_1_205' title='bbox 1258 2978 1351 3018; x_wconf 89' lang='lat' dir='ltr'><strong>ces</strong></span> <span class='ocrx_word' id='word_1_206' title='bbox 1381 2979 1554 3018; x_wconf 88' lang='lat' dir='ltr'><strong>maux</strong></span> <span class='ocrx_word' id='word_1_207' title='bbox 1592 2980 1667 3017; x_wconf 89' lang='lat' dir='ltr'><strong>au</strong></span> <span class='ocrx_word' id='word_1_208' title='bbox 1698 2962 1930 3018; x_wconf 87' lang='lat' dir='ltr'><strong>comhat</strong></span> <span class='ocrx_word' id='word_1_209' title='bbox 1958 2979 2030 3018; x_wconf 89' lang='lat' dir='ltr'><strong>ne</strong></span> <span class='ocrx_word' id='word_1_210' title='bbox 2060 2962 2295 3032; x_wconf 78' lang='lat' dir='ltr'><strong>perisse,</strong></span> 
     </span>
     <span class='ocr_line' id='line_1_28' title="bbox 692 3042 2051 3111; baseline 0.001 -15"><span class='ocrx_word' id='word_1_211' title='bbox 692 3044 878 3111; x_wconf 87' lang='lat' dir='ltr'><strong>Ayant</strong></span> <span class='ocrx_word' id='word_1_212' title='bbox 904 3043 956 3096; x_wconf 89' lang='lat' dir='ltr'><strong>le</strong></span> <span class='ocrx_word' id='word_1_213' title='bbox 987 3043 1230 3097; x_wconf 88' lang='lat' dir='ltr'><strong>corselet</strong></span> <span class='ocrx_word' id='word_1_214' title='bbox 1258 3043 1479 3098; x_wconf 90' lang='lat' dir='ltr'><strong>d&#39;outre</strong></span> <span class='ocrx_word' id='word_1_215' title='bbox 1512 3060 1583 3097; x_wconf 90' lang='lat' dir='ltr'><strong>en</strong></span> <span class='ocrx_word' id='word_1_216' title='bbox 1616 3048 1780 3097; x_wconf 86' lang='lat' dir='ltr'><strong>outre</strong></span> <span class='ocrx_word' id='word_1_217' title='bbox 1808 3042 2051 3097; x_wconf 83' lang='lat' dir='ltr'><strong>enfonce</strong></span> 
     </span>
    </p>

    <p class='ocr_par' dir='ltr' id='par_1_7' title="bbox 693 3120 2205 3273">
     <span class='ocr_line' id='line_1_29' title="bbox 695 3120 2205 3195; baseline 0.001 -20"><span class='ocrx_word' id='word_1_218' title='bbox 695 3120 871 3191; x_wconf 86' lang='lat' dir='ltr'><strong>D’une</strong></span> <span class='ocrx_word' id='word_1_219' title='bbox 896 3120 1068 3193; x_wconf 89' lang='lat' dir='ltr'><strong>pique</strong></span> <span class='ocrx_word' id='word_1_220' title='bbox 1100 3136 1173 3176; x_wconf 93' lang='lat' dir='ltr'><strong>ou</strong></span> <span class='ocrx_word' id='word_1_221' title='bbox 1205 3122 1338 3177; x_wconf 89' lang='lat' dir='ltr'><strong>d’un</strong></span> <span class='ocrx_word' id='word_1_222' title='bbox 1365 3122 1564 3195; x_wconf 88' lang='lat' dir='ltr'><strong>plomb</strong></span> <span class='ocrx_word' id='word_1_223' title='bbox 1599 3123 1943 3178; x_wconf 86' lang='lat' dir='ltr'><strong>fatalement</strong></span> <span class='ocrx_word' id='word_1_224' title='bbox 1968 3125 2205 3194; x_wconf 80' lang='lat' dir='ltr'><strong>pousse;</strong></span> 
     </span>
     <span class='ocr_line' id='line_1_30' title="bbox 693 3200 2010 3273; baseline 0.003 -20"><span class='ocrx_word' id='word_1_225' title='bbox 693 3200 893 3255; x_wconf 89' lang='lat' dir='ltr'><strong>Donne</strong></span> <span class='ocrx_word' id='word_1_226' title='bbox 920 3217 1031 3271; x_wconf 86' lang='lat' dir='ltr'><strong>que</strong></span> <span class='ocrx_word' id='word_1_227' title='bbox 1059 3201 1129 3256; x_wconf 89' lang='lat' dir='ltr'><strong>de</strong></span> <span class='ocrx_word' id='word_1_228' title='bbox 1160 3217 1263 3256; x_wconf 87' lang='lat' dir='ltr'><strong>son</strong></span> <span class='ocrx_word' id='word_1_229' title='bbox 1292 3218 1435 3273; x_wconf 88' lang='lat' dir='ltr'><strong>sang</strong></span> <span class='ocrx_word' id='word_1_230' title='bbox 1463 3202 1501 3256; x_wconf 91' lang='lat' dir='ltr'><strong>il</strong></span> <span class='ocrx_word' id='word_1_231' title='bbox 1531 3200 1723 3257; x_wconf 87' lang='lat' dir='ltr'><strong>enivre</strong></span> <span class='ocrx_word' id='word_1_232' title='bbox 1754 3204 1809 3257; x_wconf 90' lang='lat' dir='ltr'><strong>la</strong></span> <span class='ocrx_word' id='word_1_233' title='bbox 1838 3204 2010 3271; x_wconf 87' lang='lat' dir='ltr'><strong>terre,</strong></span> 
     </span>
    </p>

    <p class='ocr_par' dir='ltr' id='par_1_8' title="bbox 691 3280 2452 3513">
     <span class='ocr_line' id='line_1_31' title="bbox 693 3280 2207 3356; baseline 0.002 -23"><span class='ocrx_word' id='word_1_234' title='bbox 693 3280 760 3333; x_wconf 83' lang='lat' dir='ltr'><strong>Et</strong></span> <span class='ocrx_word' id='word_1_235' title='bbox 790 3297 902 3352; x_wconf 93' lang='lat' dir='ltr'><strong>que</strong></span> <span class='ocrx_word' id='word_1_236' title='bbox 931 3297 1019 3336; x_wconf 91' lang='lat' dir='ltr'><strong>ses</strong></span> <span class='ocrx_word' id='word_1_237' title='bbox 1049 3297 1444 3353; x_wconf 88' lang='lat' dir='ltr'><strong>compagnons</strong></span> <span class='ocrx_word' id='word_1_238' title='bbox 1473 3298 1545 3336; x_wconf 90' lang='lat' dir='ltr'><strong>au</strong></span> <span class='ocrx_word' id='word_1_239' title='bbox 1578 3282 1780 3338; x_wconf 90' lang='lat' dir='ltr'><strong>milieu</strong></span> <span class='ocrx_word' id='word_1_240' title='bbox 1813 3282 1882 3337; x_wconf 90' lang='lat' dir='ltr'><strong>de</strong></span> <span class='ocrx_word' id='word_1_241' title='bbox 1915 3282 1972 3337; x_wconf 88' lang='lat' dir='ltr'><strong>la</strong></span> <span class='ocrx_word' id='word_1_242' title='bbox 2001 3298 2207 3356; x_wconf 86' lang='lat' dir='ltr'><strong>guerre</strong></span> 
     </span>
     <span class='ocr_line' id='line_1_32' title="bbox 691 3360 2031 3433; baseline 0.001 -19"><span class='ocrx_word' id='word_1_243' title='bbox 691 3360 1000 3415; x_wconf 88' lang='lat' dir='ltr'><strong>Renversez</strong></span> <span class='ocrx_word' id='word_1_244' title='bbox 1027 3366 1060 3415; x_wconf 79' lang='lat' dir='ltr'><strong>a</strong></span> <span class='ocrx_word' id='word_1_245' title='bbox 1089 3377 1176 3416; x_wconf 87' lang='lat' dir='ltr'><strong>ses</strong></span> <span class='ocrx_word' id='word_1_246' title='bbox 1205 3361 1388 3433; x_wconf 81' lang='lat' dir='ltr'><strong>piedS,</strong></span> <span class='ocrx_word' id='word_1_247' title='bbox 1417 3362 1685 3417; x_wconf 86' lang='lat' dir='ltr'><strong>haletans</strong></span> <span class='ocrx_word' id='word_1_248' title='bbox 1713 3367 1770 3416; x_wconf 88' lang='lat' dir='ltr'><strong>et</strong></span> <span class='ocrx_word' id='word_1_249' title='bbox 1801 3362 2031 3430; x_wconf 87' lang='lat' dir='ltr'><strong>ardens,</strong></span> 
     </span>
     <span class='ocr_line' id='line_1_33' title="bbox 693 3440 2452 3513; baseline 0.002 -19"><span class='ocrx_word' id='word_1_250' title='bbox 693 3440 949 3494; x_wconf 80' lang='lat' dir='ltr'><strong>Mordent</strong></span> <span class='ocrx_word' id='word_1_251' title='bbox 978 3440 1183 3496; x_wconf 90' lang='lat' dir='ltr'><strong>dessur</strong></span> <span class='ocrx_word' id='word_1_252' title='bbox 1211 3442 1262 3496; x_wconf 92' lang='lat' dir='ltr'><strong>le</strong></span> <span class='ocrx_word' id='word_1_253' title='bbox 1289 3442 1500 3513; x_wconf 90' lang='lat' dir='ltr'><strong>champ</strong></span> <span class='ocrx_word' id='word_1_254' title='bbox 1526 3442 1584 3497; x_wconf 88' lang='lat' dir='ltr'><strong>la</strong></span> <span class='ocrx_word' id='word_1_255' title='bbox 1613 3441 1833 3513; x_wconf 88' lang='lat' dir='ltr'><strong>poudre</strong></span> <span class='ocrx_word' id='word_1_256' title='bbox 1859 3445 2021 3495; x_wconf 87' lang='lat' dir='ltr'><strong>entre</strong></span> <span class='ocrx_word' id='word_1_257' title='bbox 2051 3442 2207 3496; x_wconf 86' lang='lat' dir='ltr'><strong>leurs</strong></span> <span class='ocrx_word' id='word_1_258' title='bbox 2238 3442 2380 3497; x_wconf 87' lang='lat' dir='ltr'><strong>dens</strong></span> <span class='ocrx_word' id='word_1_259' title='bbox 2414 3446 2452 3497; x_wconf 83' lang='lat'><strong>¹.</strong></span> 
     </span>
    </p>
   </div>
   <div class='ocr_carea' id='block_1_4' title="bbox 475 3572 2832 3947">
    <p class='ocr_par' dir='ltr' id='par_1_9' title="bbox 475 3572 2832 3947">
     <span class='ocr_line' id='line_1_34' title="bbox 557 3572 2832 3656; baseline 0.003 -26"><span class='ocrx_word' id='word_1_260' title='bbox 557 3572 758 3642; x_wconf 87' lang='lat' dir='ltr'><strong>Quum</strong></span> <span class='ocrx_word' id='word_1_261' title='bbox 783 3591 934 3633; x_wconf 89' lang='lat' dir='ltr'><strong>vero</strong></span> <span class='ocrx_word' id='word_1_262' title='bbox 966 3573 1188 3635; x_wconf 89' lang='lat' dir='ltr'><strong>Colinii</strong></span> <span class='ocrx_word' id='word_1_263' title='bbox 1216 3592 1328 3652; x_wconf 90' lang='lat' dir='ltr'><strong>per</strong></span> <span class='ocrx_word' id='word_1_264' title='bbox 1347 3573 1612 3636; x_wconf 86' lang='lat' dir='ltr'><strong>insidias</strong></span> <span class='ocrx_word' id='word_1_265' title='bbox 1640 3582 1703 3635; x_wconf 87' lang='lat' dir='ltr'><strong>et</strong></span> <span class='ocrx_word' id='word_1_266' title='bbox 1724 3574 2143 3656; x_wconf 84' lang='lat' dir='ltr'><strong>proditionem</strong></span> <span class='ocrx_word' id='word_1_267' title='bbox 2172 3574 2537 3655; x_wconf 89' lang='lat' dir='ltr'><strong>interempti</strong></span> <span class='ocrx_word' id='word_1_268' title='bbox 2560 3576 2832 3637; x_wconf 83' lang='lat' dir='ltr'><strong>cadaver</strong></span> 
     </span>
     <span class='ocr_line' id='line_1_35' title="bbox 477 3668 2829 3752; baseline 0.002 -24"><span class='ocrx_word' id='word_1_269' title='bbox 477 3668 559 3728; x_wconf 90' lang='lat' dir='ltr'><strong>ad</strong></span> <span class='ocrx_word' id='word_1_270' title='bbox 583 3668 790 3729; x_wconf 86' lang='lat' dir='ltr'><strong>furcas</strong></span> <span class='ocrx_word' id='word_1_271' title='bbox 831 3669 1283 3731; x_wconf 87' lang='lat' dir='ltr'><strong>Monfalconias</strong></span> <span class='ocrx_word' id='word_1_272' title='bbox 1309 3671 1599 3732; x_wconf 87' lang='lat' dir='ltr'><strong>cruribus</strong></span> <span class='ocrx_word' id='word_1_273' title='bbox 1638 3672 1703 3731; x_wconf 91' lang='lat' dir='ltr'><strong>in</strong></span> <span class='ocrx_word' id='word_1_274' title='bbox 1747 3672 1947 3731; x_wconf 86' lang='lat' dir='ltr'><strong>altum</strong></span> <span class='ocrx_word' id='word_1_275' title='bbox 1988 3671 2253 3733; x_wconf 87' lang='lat' dir='ltr'><strong>sublatis</strong></span> <span class='ocrx_word' id='word_1_276' title='bbox 2294 3678 2357 3733; x_wconf 91' lang='lat' dir='ltr'><strong>ct</strong></span> <span class='ocrx_word' id='word_1_277' title='bbox 2395 3672 2829 3752; x_wconf 88' lang='lat' dir='ltr'><strong>propendente</strong></span> 
     </span>
     <span class='ocr_line' id='line_1_36' title="bbox 476 3766 2828 3849; baseline 0.002 -23"><span class='ocrx_word' id='word_1_278' title='bbox 476 3784 739 3846; x_wconf 90' lang='lat' dir='ltr'><strong>corpore</strong></span> <span class='ocrx_word' id='word_1_279' title='bbox 780 3766 996 3827; x_wconf 88' lang='lat' dir='ltr'><strong>ferreis</strong></span> <span class='ocrx_word' id='word_1_280' title='bbox 1035 3767 1273 3829; x_wconf 88' lang='lat' dir='ltr'><strong>catenis</strong></span> <span class='ocrx_word' id='word_1_281' title='bbox 1313 3788 1688 3849; x_wconf 88' lang='lat' dir='ltr'><strong>suspensum</strong></span> <span class='ocrx_word' id='word_1_282' title='bbox 1730 3775 1845 3843; x_wconf 90' lang='lat' dir='ltr'><strong>est,</strong></span> <span class='ocrx_word' id='word_1_283' title='bbox 1887 3770 2052 3830; x_wconf 89' lang='lat' dir='ltr'><strong>idem</strong></span> <span class='ocrx_word' id='word_1_284' title='bbox 2094 3769 2159 3829; x_wconf 91' lang='lat' dir='ltr'><strong>in</strong></span> <span class='ocrx_word' id='word_1_285' title='bbox 2191 3769 2333 3831; x_wconf 90' lang='lat' dir='ltr'><strong>illas</strong></span> <span class='ocrx_word' id='word_1_286' title='bbox 2372 3766 2613 3832; x_wconf 83' lang='lat' dir='ltr'><strong>alacres</strong></span> <span class='ocrx_word' id='word_1_287' title='bbox 2643 3789 2828 3832; x_wconf 88' lang='lat' dir='ltr'><strong>voces</strong></span> 
     </span>
     <span class='ocr_line' id='line_1_37' title="bbox 475 3863 1969 3947; baseline 0.003 -24"><span class='ocrx_word' id='word_1_288' title='bbox 475 3863 657 3924; x_wconf 73' lang='lat' dir='ltr'><strong>laetus</strong></span> <span class='ocrx_word' id='word_1_289' title='bbox 683 3866 974 3945; x_wconf 84' lang='lat' dir='ltr'><strong>erumpit,</strong></span> <span class='ocrx_word' id='word_1_290' title='bbox 1009 3865 1074 3925; x_wconf 91' lang='lat' dir='ltr'><strong>in</strong></span> <span class='ocrx_word' id='word_1_291' title='bbox 1100 3867 1306 3945; x_wconf 87' lang='lat' dir='ltr'><strong>primo</strong></span> <span class='ocrx_word' id='word_1_292' title='bbox 1336 3865 1726 3947; x_wconf 79' lang='lat' dir='ltr'><strong>Hymnorum</strong></span> <span class='ocrx_word' id='word_1_293' title='bbox 1759 3867 1920 3929; x_wconf 91' lang='lat' dir='ltr'><strong>libro</strong></span> <span class='ocrx_word' id='word_1_294' title='bbox 1958 3890 1969 3927; x_wconf 92' lang='lat'>:</span> 
     </span>
    </p>
   </div>
   <div class='ocr_carea' id='block_1_5' title="bbox 1045 4008 1954 4160">
    <p class='ocr_par' dir='ltr' id='par_1_10' title="bbox 1045 4008 1954 4160">
     <span class='ocr_line' id='line_1_38' title="bbox 1047 4008 1781 4081; baseline -0.001 -17"><span class='ocrx_word' id='word_1_295' title='bbox 1047 4008 1122 4065; x_wconf 86' lang='lat' dir='ltr'><strong>Ge</strong></span> <span class='ocrx_word' id='word_1_296' title='bbox 1152 4010 1412 4081; x_wconf 87' lang='lat' dir='ltr'><strong>guerrier</strong></span> <span class='ocrx_word' id='word_1_297' title='bbox 1438 4008 1536 4081; x_wconf 90' lang='lat' dir='ltr'><strong>qui</strong></span> <span class='ocrx_word' id='word_1_298' title='bbox 1565 4013 1781 4065; x_wconf 90' lang='lat' dir='ltr'><strong>tantost</strong></span> 
     </span>
     <span class='ocr_line' id='line_1_39' title="bbox 1045 4088 1954 4160; baseline 0.001 -17"><span class='ocrx_word' id='word_1_299' title='bbox 1045 4090 1212 4144; x_wconf 86' lang='lat' dir='ltr'><strong>Terre</strong></span> <span class='ocrx_word' id='word_1_300' title='bbox 1241 4094 1298 4144; x_wconf 94' lang='lat' dir='ltr'><strong>et</strong></span> <span class='ocrx_word' id='word_1_301' title='bbox 1329 4106 1456 4145; x_wconf 90' lang='lat' dir='ltr'><strong>mer</strong></span> <span class='ocrx_word' id='word_1_302' title='bbox 1484 4088 1621 4143; x_wconf 87' lang='lat' dir='ltr'><strong>d&#39;un</strong></span> <span class='ocrx_word' id='word_1_303' title='bbox 1653 4089 1839 4160; x_wconf 87' lang='lat' dir='ltr'><strong>grand</strong></span> <span class='ocrx_word' id='word_1_304' title='bbox 1865 4094 1954 4145; x_wconf 88' lang='lat' dir='ltr'><strong>ost</strong></span> 
     </span>
    </p>
   </div>
   <div class='ocr_carea' id='block_1_6' title="bbox 469 4243 2825 4482">
    <p class='ocr_par' dir='ltr' id='par_1_11' title="bbox 469 4243 2825 4456">
     <span class='ocr_line' id='line_1_40' title="bbox 539 4243 2825 4315; baseline 0.003 -25"><span class='ocrx_word' id='word_1_305' title='bbox 539 4244 583 4292; x_wconf 85' lang='lat'><strong>1.</strong></span> <span class='ocrx_word' id='word_1_306' title='bbox 617 4243 860 4292; x_wconf 75' lang='lat' dir='ltr'><strong>Dis-coms</strong></span> <span class='ocrx_word' id='word_1_307' title='bbox 887 4244 975 4294; x_wconf 80' lang='lat' dir='ltr'><strong>des</strong></span> <span class='ocrx_word' id='word_1_308' title='bbox 1003 4246 1154 4294; x_wconf 63' lang='lat' dir='ltr'><strong>misen</strong></span> <span class='ocrx_word' id='word_1_309' title='bbox 1157 4262 1208 4295; x_wconf 85' lang='lat' dir='ltr'><strong>es</strong></span> <span class='ocrx_word' id='word_1_310' title='bbox 1236 4246 1301 4295; x_wconf 87' lang='lat' dir='ltr'><strong>de</strong></span> <span class='ocrx_word' id='word_1_311' title='bbox 1328 4261 1382 4295; x_wconf 80' lang='lat' dir='ltr'><strong>ce</strong></span> <span class='ocrx_word' id='word_1_312' title='bbox 1407 4250 1589 4312; x_wconf 67' lang='lat' dir='ltr'><strong>tempe.</strong></span> <span class='ocrx_word' id='word_1_313' title='bbox 1623 4248 1847 4297; x_wconf 87' lang='lat' dir='ltr'><strong>Carmen</strong></span> <span class='ocrx_word' id='word_1_314' title='bbox 1881 4248 2014 4299; x_wconf 88' lang='lat' dir='ltr'><strong>illud</strong></span> <span class='ocrx_word' id='word_1_315' title='bbox 2044 4249 2097 4298; x_wconf 87' lang='lat' dir='ltr'><strong>in</strong></span> <span class='ocrx_word' id='word_1_316' title='bbox 2137 4250 2310 4299; x_wconf 88' lang='lat' dir='ltr'><strong>lucem</strong></span> <span class='ocrx_word' id='word_1_317' title='bbox 2354 4250 2591 4315; x_wconf 88' lang='lat' dir='ltr'><strong>primum</strong></span> <span class='ocrx_word' id='word_1_318' title='bbox 2624 4251 2825 4313; x_wconf 83' lang='lat' dir='ltr'><strong>prodiit</strong></span> 
     </span>
     <span class='ocr_line' id='line_1_41' title="bbox 473 4314 2825 4384; baseline 0.003 -23"><span class='ocrx_word' id='word_1_319' title='bbox 473 4314 691 4363; x_wconf 86' lang='lat' dir='ltr'><strong>Parisiis</strong></span> <span class='ocrx_word' id='word_1_320' title='bbox 733 4314 878 4377; x_wconf 83' lang='lat' dir='ltr'><strong>apud</strong></span> <span class='ocrx_word' id='word_1_321' title='bbox 922 4316 1264 4366; x_wconf 89' lang='lat' dir='ltr'><strong>Guillelmum</strong></span> <span class='ocrx_word' id='word_1_322' title='bbox 1309 4318 1479 4377; x_wconf 90' lang='lat' dir='ltr'><strong>Buon,</strong></span> <span class='ocrx_word' id='word_1_323' title='bbox 1531 4332 1674 4369; x_wconf 89' lang='lat' dir='ltr'><strong>anno</strong></span> <span class='ocrx_word' id='word_1_324' title='bbox 1724 4320 1862 4371; x_wconf 81' lang='lat'>1563.</span> <span class='ocrx_word' id='word_1_325' title='bbox 1904 4348 1965 4355; x_wconf 88' lang='lat'><strong>—-</strong></span> <span class='ocrx_word' id='word_1_326' title='bbox 2002 4320 2132 4370; x_wconf 84' lang='lat' dir='ltr'><strong>Vide</strong></span> <span class='ocrx_word' id='word_1_327' title='bbox 2178 4320 2405 4369; x_wconf 76' lang='lat' dir='ltr'><strong>OEuvres</strong></span> <span class='ocrx_word' id='word_1_328' title='bbox 2449 4322 2726 4384; x_wconf 70' lang='lat' dir='ltr'><strong>completes</strong></span> <span class='ocrx_word' id='word_1_329' title='bbox 2764 4319 2825 4369; x_wconf 72' lang='lat' dir='ltr'><strong>(le</strong></span> 
     </span>
     <span class='ocr_line' id='line_1_42' title="bbox 469 4383 2819 4482; baseline 0.004 -52"><span class='ocrx_word' id='word_1_330' title='bbox 469 4383 530 4434; x_wconf 90' lang='lat' dir='ltr'><strong>P.</strong></span> <span class='ocrx_word' id='word_1_331' title='bbox 561 4384 626 4433; x_wconf 77' lang='lat' dir='ltr'><strong>de</strong></span> <span class='ocrx_word' id='word_1_332' title='bbox 653 4386 903 4442; x_wconf 38' lang='lat' dir='ltr'><strong>Ronsarmd</strong></span> <span class='ocrx_word' id='word_1_333' title='bbox 937 4386 1143 4437; x_wconf 77' lang='lat' dir='ltr'><strong>edition</strong></span> <span class='ocrx_word' id='word_1_334' title='bbox 1185 4388 1410 4452; x_wconf 87' lang='lat' dir='ltr'><strong>Prosper</strong></span> <span class='ocrx_word' id='word_1_335' title='bbox 1451 4390 1853 4440; x_wconf 82' lang='lat' dir='ltr'><strong>Blanchemain.</strong></span> <span class='ocrx_word' id='word_1_336' title='bbox 1887 4390 2055 4451; x_wconf 88' lang='lat' dir='ltr'><strong>Paris,</strong></span> <span class='ocrx_word' id='word_1_337' title='bbox 2088 4393 2225 4449; x_wconf 83' lang='lat'><strong>1866,</strong></span> <span class='ocrx_word' id='word_1_338' title='bbox 2261 4396 2297 4439; x_wconf 89' lang='lat' dir='ltr'><strong>t.</strong></span> <span class='ocrx_word' id='word_1_339' title='bbox 2329 4392 2442 4451; x_wconf 83' lang='lat' dir='ltr'><strong>Vll,</strong></span> <span class='ocrx_word' id='word_1_340' title='bbox 2474 4406 2527 4456; x_wconf 88' lang='lat' dir='ltr'><strong>p.</strong></span> <span class='ocrx_word' id='word_1_341' title='bbox 2560 4392 2619 4441; x_wconf 89' lang='grc'><strong>80</strong></span> <span class='ocrx_word' id='word_1_342' title='bbox 2660 4394 2819 4482; x_wconf 58' lang='lat' dir='ltr'><strong>et813</strong></span> 
     </span>
    </p>
   </div>
  </div>
 </body>
</html>
