3131 5145
1499 396 1823 461 -24.-

481 538 560 599 Et
589 534 760 596 haud
786 534 916 595 scio
947 552 1026 595 an
1057 552 1184 594 non
1207 532 1385 593 nulla
1403 532 1595 611 hujus
1616 531 1768 593 mali
1792 551 1941 613 pars
1964 530 2315 611 nobisipsis
2334 530 2413 591 sit
2432 528 2833 610 imputanda.

377 690 388 697 .
485 633 748 695 Clavum
775 633 956 691 navis
989 650 1118 693 non
1141 630 1595 692 committimus
1634 629 1752 690 nisi
1785 630 1919 709 ejus
1965 629 2054 689 rei
2087 628 2315 708 perito,
2348 626 2517 707 quod
2558 632 2842 705 quatuor

485 737 806 792 vectorum
837 734 947 790 aut
985 746 1332 809 paucarum
1375 727 1683 788 mercium
1711 727 1791 788 sit
1820 726 2208 807 periculum3
2249 731 2311 785 et
2348 722 2830 809 rempublicam,

465 829 546 907 ‘in
577 846 705 907 qua
743 832 836 887 tot
870 825 1200 887 bominum
1241 825 1443 886 millia
1487 824 1952 904 periclitantur,
1993 814 2189 885 cuiris
2230 822 2711 884 committimus,
2742 822 2835 881 'Ut

485 925 708 1002 auriga
739 924 849 985 fiat
875 922 1103 1003 aliquis
1140 923 1322 983 discit
1351 929 1578 996 artem,
1618 927 1893 994 exercet,
1939 922 2310 994 meditatum
2345 926 2406 980 at
2438 925 2509 979 ut
2541 919 2840 999 princeps

485 1025 566 1085 sit
595 1022 846 1103 aliquiS,
879 1022 1032 1083 satis
1061 1040 1198 1082 esse
1227 1028 1525 1101 putamus
1553 1027 1775 1081 natum
1808 1010 1979 1081 esse.[
1995 1019 2184 1099 Atqui
2213 1024 2381 1080 recte
2416 1036 2631 1097 gerere
2664 1017 2835 1096 prin—

485 1121 788 1199 cipatum,
814 1124 883 1179 ut
903 1124 996 1178 est
1017 1137 1244 1178 munus
1264 1118 1547 1180 omnium
1570 1118 1757 1195 longe
1782 1117 2300 1196 pulcherrimum,
2324 1116 2413 1175 ita
2434 1121 2527 1176 est
2549 1116 2836 1175 omnium

487 1218 675 1279 etiam
740 1215 942 1277 multo
992 1214 1460 1276 difficillimum.
1525 1213 1758 1295 Deligis
1814 1216 1917 1276 cui
1964 1232 2191 1276 navem
2256 1212 2637 1286 committas,
2706 1230 2838 1273 non

485 1315 709 1393 deligis
737 1315 839 1374 cui
862 1321 956 1374 tot
987 1314 1194 1385 urbeS,
1227 1319 1322 1374 tot
1360 1312 1694 1373 hominum
1722 1314 1933 1391 capita
1960 1312 2219 1373 credas?
2254 1312 2371 1373 Sed
2414 1310 2582 1371 istud
2616 1328 2835 1389 recep·

486 1411 610 1472 tius
640 1418 734 1470 est
763 1428 952 1488 quam
985 1414 1054 1469 ut
1082 1408 1350 1469 convelli
1379 1410 1597 1489 possit.
1626 1432 1657 1465 »
1690 1409 1855 1469 Alibi
1875 1408 2189 1470 exclamat
2210 1414 2273 1468 et
2297 1406 2517 1467 rabido
2547 1406 2837 1485 delitigat

487 1526 618 1582 ore,
653 1509 989 1567 Brutorum
1030 1525 1228 1584 genus
1265 1506 1616 1567 obtestatus
1646 1526 1661 1567 :
1702 1530 1735 1563 «
1766 1506 1922 1567 Miro
1968 1505 2177 1567 studio
2214 1512 2440 1566 curant
2478 1511 2719 1565 tutores
2756 1522 2837 1563 ne

487 1621 770 1685 unquam
801 1603 898 1664 vir
919 1603 999 1663 sit
1016 1603 1330 1683 princepe.
1354 1603 1743 1665 Adnituntur
1764 1604 2121 1683 optimatem
2155 1602 2199 1663 ii
2220 1604 2329 1683 qui
2358 1601 2625 1682 puhlicis
2654 1600 2843 1661 malis

487 1701 884 1779 saginantur,
936 1706 1006 1760 ut
1051 1699 1483 1779 voluptatibus
1530 1702 1612 1761 sit
1669 1719 1860 1781 quam
1910 1701 2504 1772 effeminatissimuS,
2555 1718 2635 1759 ne
2685 1698 2841 1778 quid

487 1817 708 1860 eorum
747 1797 903 1859 sciat
941 1817 1082 1878 quae
1123 1798 1394 1858 maxime
1437 1798 1618 1860 decet
1658 1799 1815 1860 scire
1861 1798 2237 1879 principem.
2279 1800 2644 1858 Exuruntur
2690 1795 2833 1868 vici,

485 1903 818 1958 vastantur
867 1896 1026 1975 agri,
1083 1896 1468 1975 diripiuntur
1519 1896 1781 1975 templa,
1838 1896 2233 1957 trucidantur
2291 1896 2593 1956 immeriti
2648 1894 2836 1967 civeS,

395 2056 400 2063 ,
485 2012 668 2056 sacra
707 1995 1098 2073 profanaque
1145 1993 1511 2072 miscentur,
1554 1994 1703 2055 dum
1760 1994 2049 2074 princeps
2103 1993 2354 2055 interim
2393 1994 2632 2053 otiosus
2677 1991 2842 2053 ludit

490 2091 718 2168 aleam,
763 2091 914 2151 dum
954 2090 1218 2164 saltitat,
1259 2090 1412 2151 dum
1454 2090 1731 2153 oblectat
1776 2110 1837 2152 se
1891 2091 2303 2163 morionibuS,
2353 2090 2504 2151 dum
2546 2096 2839 2167 venatur,

488 2189 640 2250 dum
681 2194 876 2261 amat,
919 2187 1068 2248 dum
1101 2195 1301 2268 potat.
1341 2190 1390 2250 Ο
1429 2190 1767 2250 Brutorum
1802 2208 1998 2266 genus
2020 2190 2155 2269 jam
2184 2188 2334 2249 olim
2375 2188 2755 2249 extinctum!
2788 2187 2842 2247 Ο

488 2285 731 2347 fulmen
759 2285 933 2347 Jovis
965 2292 1078 2346 aut
1109 2304 1348 2348 caecum
1377 2294 1488 2347 aut
1517 2287 1844 2349 obtusum!
1881 2290 2093 2366 Neque
2136 2287 2397 2349 dubium
2430 2293 2525 2346 est
2552 2284 2709 2364 quin
2738 2282 2841 2343 isti

489 2384 842 2463 principum
877 2389 1281 2464 corruptores
1308 2404 1528 2464 poenas
1557 2387 1685 2445 Deo
1718 2386 1927 2446 daturi
1956 2386 2104 2464 sint,
2129 2387 2238 2447 sed
2266 2402 2405 2446 sero
2436 2383 2640 2445 nobis.
2676 2406 2707 2439 »

571 2480 690 2541 Sed
739 2478 984 2540 nullum
1030 2488 1196 2543 certe
1237 2482 1317 2543 ad
1357 2482 1843 2543 delectationem
1894 2482 2421 2561 mirationemque
2459 2479 2840 2542 movendam

491 2579 698 2657 aptius
734 2596 810 2637 ex
845 2579 1091 2640 Erasmi
1133 2579 1378 2659 adagiis
1417 2581 1496 2640 ad
1534 2599 1635 2642 res
1672 2581 1957 2660 publicas
1994 2579 2453 2661 pertinentibus
2496 2597 2689 2659 quam
2739 2575 2841 2638 cui

491 2675 713 2737 titulus
739 2682 833 2736 est
867 2695 880 2736 :
917 2676 1283 2738 Scarabaeus
1313 2678 1588 2758 aquilam
1621 2680 1843 2758 quaerit
1870 2683 1910 2738 ¹.
1945 2679 2253 2740 Fabulam
2288 2679 2479 2740 refert
2506 2695 2633 2756 qua
2664 2674 2843 2736 effin-

439 2831 446 2836 .
492 2776 660 2854 gitur
703 2774 1062 2835 scarabaeus
1113 2775 1460 2855 squaliduS,
1512 2774 1838 2849 deformis,
1880 2775 2137 2836 foetidus
2182 2780 2244 2836 et
2282 2793 2503 2846 vorax,
2547 2771 2841 2834 monachi

493 2892 719 2952 nempe
745 2873 1014 2952 speciem
1043 2873 1422 2951 exprimen5‚
1448 2873 1558 2951 qui
1585 2874 1664 2933 ad
1694 2866 2146 2946 ulciscendum,
2172 2872 2405 2951 aquilae
2424 2889 2545 2932 ova
2566 2870 2839 2930 delevit:

493 2989 620 3049 quo
659 2970 958 3030 admonet
1005 2989 1146 3031 eum
1193 2970 1303 3050 qui
1347 2969 1491 3050 plus
1529 2973 1732 3049 possit
1775 2971 1981 3030 infimi
2027 2969 2368 3049 cujuslibet
2414 2969 2671 3030 saevitiae
2710 2986 2842 3028 esse

495 3066 866 3128 obnoxium.
901 3066 1072 3127 ‘Nihil
1126 3086 1412 3147 unquam
1451 3068 1758 3148 scriptum
1807 3076 1903 3129 est
1949 3067 2285 3130 violentius
2331 3067 2727 3128 cruentiusve
2780 3066 2843 3126 in

494 3162 773 3240 regalem
818 3163 1315 3224 dominationem
1356 3165 1454 3224 his
1490 3166 1733 3225 Erasmi
1778 3165 2076 3226 conviciis
2110 3185 2123 3226 ε
2174 3187 2206 3221 «
2239 3166 2393 3243 Age,
2426 3163 2477 3224 si
2510 3163 2655 3244 quis
2690 3161 2843 3223 mihi

497 3259 1007 3340 physiognomon
1034 3279 1161 3320 non
1193 3262 1452 3323 omnino
1492 3262 1701 3322 malus
1738 3263 1977 3323 vultum
2009 3262 2216 3343 ipsum
2246 3268 2309 3322 et
2338 3280 2408 3322 os
2434 3261 2667 3341 aquilae
2699 3258 2842 3322 dili-

495 3358 746 3436 gentius
775 3357 1260 3437 contempletur,
1295 3359 1514 3421 oculos
1540 3361 1759 3421 avidos
1784 3367 1973 3440 atque
2004 3359 2351 3440 improboS,
2380 3360 2608 3420 rictum
2636 3358 2841 3419 mina—

497 3473 657 3532 cem,
715 3475 909 3534 genas
971 3455 1385 3532 truculentas,
1444 3458 1719 3519 frontem
1784 3465 2057 3535 torvam,
2117 3458 2387 3538 denique
2454 3457 2610 3517 illud
2674 3455 2843 3536 quod

499 3551 733 3631 Cyrum
774 3555 1104 3614 Persarum
1155 3574 1364 3632 regem
1418 3562 1748 3636 tantopere
1796 3555 2130 3618 delectavit
2171 3555 2237 3615 in
2284 3555 2568 3636 principe
2616 3561 2841 3636 γρυπὸν,

498 3668 710 3710 nonne
750 3651 936 3728 plane
976 3652 1218 3730 regium
1261 3653 1582 3730 quoddam
1622 3654 2029 3714 simulacrum
2071 3657 2394 3731 agnoscet,
2437 3649 2843 3730 magnificum

497 3753 561 3808 et
601 3747 952 3825 majestatis
991 3747 1288 3828 plenum?
1323 3751 1579 3811 Accedit
1619 3751 1741 3812 huc
1782 3758 1843 3812 et
1874 3752 2049 3812 color
2084 3751 2215 3830 ipse
2255 3752 2561 3822 funestus,
2600 3754 2759 3809 teter
2787 3753 2846 3808 et

495 3845 950 3925 inauspicatu8‚
1004 3847 1178 3908 fusco
1223 3847 1518 3927 squalore
1554 3848 1896 3927 nigricans,
1949 3849 2124 3908 Unde
2163 3847 2353 3908 etiam
2393 3845 2562 3926 quod
2603 3846 2842 3906 fuscum

501 3949 595 4004 est
624 3950 685 4003 et
717 3944 1090 4022 subnigrum
1117 3944 1398 4023 aquilum
1435 3964 1760 4006 vocamus,
1798 3947 1953 4006 Tum
1990 3964 2114 4006 vox
2146 3945 2490 4019 inamoena,
2523 3942 2839 4015 terribilia

409 4100 418 4108 ,
500 4041 940 4114 exanimatrix,
996 4061 1068 4103 ac
1124 4043 1338 4102 minax
1390 4043 1495 4102 ille
1547 4043 1975 4122 querulusque
2018 4043 2308 4120 clangor,
2356 4061 2541 4121 quem
2601 4039 2844 4101 nullum

501 4137 916 4198 animantium
965 4158 1162 4218 genus
1211 4159 1337 4200 non
1381 4141 1759 4219 expavescit.
1804 4141 1947 4201 Jam
1992 4141 2113 4202 hoc
2155 4138 2515 4219 symbolum
2560 4137 2859 4218 protinus·

567 4353 610 4398 1.
641 4349 898 4400 chiliadis
927 4354 1110 4414 tertioe,
1139 4357 1379 4406 centuria
1415 4357 1516 4414 VII,
1555 4359 1601 4407 1.
