3131 5145
1276 454 1596 518 ..49-

256 590 687 670 expromit‘ex
719 588 941 650 altiore
978 588 1252 668 quadam
1291 590 1438 657 sede
1476 594 1828 669 perspecta.
1860 589 2009 650 Ideo
2039 588 2401 668 diligentius
2432 591 2615 653 nobis

255 687 655 768 inspicienda
683 686 820 765 ejus
849 702 1044 765 opera
1071 691 1134 747 et
1163 686 1528 747 summatim
1558 686 1984 767 explananda.
2366 702 2371 711 ·

337 786 642 845 Extrema
697 782 989 862 pueritia,
1041 781 1336 844 Tolosam
1380 783 1703 863 profectus
1745 790 1840 845 est
1887 783 2185 857 BodinuS,
2228 784 2443 864 ibique
2482 787 2617 867 juri

259 882 429 945 civili
469 900 535 942 se
575 880 905 961 applicuit,
948 879 1064 941 sub
1089 880 1347 959 Cujacio
1377 880 1724 958 magistro,
1769 899 1808 941 a
1854 899 1980 961 quo
2020 882 2203 961 plura
2244 898 2438 963 quam
2482 883 2616 963 ipse

261 980 590 1043 confessus
617 984 711 1039 est
736 977 1104 1057 desumpsit.
1137 978 1317 1051 Dein,
1351 977 1741 1058 amplissima
1770 979 2112 1039 instructus
2154 999 2362 1041 rerum
2399 980 2618 1061 ‚supel-

261 1076 480 1155 Iaculi,
517 1077 728 1157 majus
771 1074 1153 1155 eloquentiae
1209 1074 1525 1136 theatrum
1581 1094 1891 1155 quaerenS‚
1948 1077 2260 1137 Lutetiam
2312 1078 2503 1151 venit,
2558 1085 2620 1140 et

263 1183 610 1256 patronum
649 1175 777 1253 egit
815 1176 880 1235 in
919 1173 1096 1235 curia
1139 1172 1494 1247 Parisiensi‚
1538 1173 1646 1233 ubi
1686 1174 1962 1253 aequales
1996 1181 2058 1234 et
2096 1175 2359 1236 aemulos
2398 1174 2621 1237 habuit
2706 1240 2713 1247 ,

261 1274 677 1343 Brissonium,
733 1270 1142 1333 Paschasium
1162 1316 1176 1344 ,
1239 1270 1551 1333 Pithaeum
1570 1319 1583 1346 ‚
1645 1279 1709 1333 et
1763 1271 1921 1333 alios
1979 1270 2335 1352 complures
2390 1272 2623 1351 ingenii

263 1370 630 1452 praestantis
653 1368 845 1430 viros,
869 1371 949 1429 At
973 1387 1100 1429 non
1121 1367 1213 1427 illi
1233 1386 1310 1429 ex
1335 1368 1667 1443 sententia,
1697 1373 1768 1428 ut
1791 1367 2060 1443 videtur,
2090 1376 2348 1431 eventus
2374 1370 2623 1433 dicendi

264 1468 589 1531 successit.
617 1465 1067 1539 Quamobrem,
1096 1484 1291 1545 quum
1321 1465 1557 1546 alioqui
1586 1465 2029 1526 umbratilibus
2049 1466 2271 1527 studiis
2293 1466 2623 1547 indulgere

265 1566 494 1627 mallet
523 1582 718 1646 quam
748 1564 813 1623 in
839 1562 1012 1625 clara
1041 1562 1160 1623 fori
1191 1561 1329 1623 luce
1360 1562 1617 1637 versari,
1648 1562 1773 1623 alio
1804 1563 2014 1635 vertit,
2044 1569 2105 1623 et
2132 1563 2326 1625 libros
2356 1564 2626 1628 condere

266 1662 570 1741 suscepit,
603 1661 768 1723 inter
795 1678 955 1740 quos
991 1658 1084 1719 De
1121 1656 1461 1740 Republica
1502 1658 1696 1719 libros
1726 1678 1856 1733 sex,
1886 1658 1954 1718 in
1982 1658 2209 1739 quibus
2238 1661 2626 1740 explicandae

259 1761 428 1840 juris
456 1757 759 1831 scientiae,
793 1757 923 1817 imo
963 1755 1408 1836 philosophiae,
1439 1762 1502 1817 et
1546 1756 1906 1836 reipublicae
1946 1757 2236 1834 gerendae
2278 1757 2628 1839 aequalibus

265 1857 400 1919 suis
439 1856 667 1918 ducem
708 1874 772 1916 se
812 1854 1132 1935 professus
1169 1860 1284 1929 est,
1334 1872 1569 1915 novum
1608 1853 1757 1931 illis,
1800 1859 1871 1914 ut
1912 1853 2229 1930 credebat,
2280 1862 2342 1915 et
2386 1856 2626 1917 invium

269 1955 487 2017 adhuc
511 1954 633 2014 iter
654 1952 1108 2033 patefacturus,
2520 1967 2524 1973 ·

349 2055 560 2131 Atque
586 2051 677 2113 ita
702 2051 870 2111 inter
895 2050 1232 2130 scriptores
1261 2048 1486 2111 decimi
1517 2048 1679 2109 sexti
1702 2048 1895 2110 seculi
1922 2048 2199 2111 Bodinus
2223 2049 2627 2127 singulariter
2720 2049 2725 2055 ’

270 2148 543 2210 eminuit
593 2147 904 2208 altissima
950 2151 1140 2208 notus
1186 2146 1562 2224 eruditione,
1612 2146 1722 2226 qui
1770 2146 1946 2225 prior
1997 2147 2064 2207 in
2121 2147 2306 2208 rebus
2353 2168 2494 2228 quae
2548 2149 2631 2209 ad

272 2246 728 2327 gubernandas
781 2245 1064 2306 civitates
1113 2244 1429 2323 pertinent
1473 2243 1899 2306 Secundatum
1955 2264 2339 2325 praegressus
2394 2252 2519 2321 est;
2572 2254 2634 2309 et

271 2346 410 2426 ipse
444 2344 614 2406 haud
646 2344 776 2404 sine
811 2342 1188 2404 auctoritate
1215 2348 1276 2403 et
1302 2342 1528 2403 decore
1560 2343 1747 2403 rebus
1776 2342 2043 2422 publicis
2087 2362 2345 2422 operam
2389 2345 2631 2424 imper-

276 2443 432 2504 titus
475 2448 568 2503 est
609 2441 856 2519 legatus
894 2439 977 2500 ad
1019 2438 1276 2501 comitia
1317 2438 1657 2500 Blaesensia
1701 2458 1867 2501 anno
1919 2442 2099 2514 1576,
2148 2440 2631 2520 magistratusve

277 2538 650 2603 muneribus
677 2538 954 2600 functus.

359 2641 560 2700 Nemo
599 2657 749 2699 sane
797 2642 944 2698 ante
998 2654 1166 2708 eum,
1217 2636 1285 2695 in
1330 2635 1451 2696 hac
1505 2635 1927 2716 philosophiae
1980 2641 2158 2717 parte
2207 2651 2348 2716 quae
2403 2639 2483 2698 ad
2536 2659 2634 2702 res

277 2735 572 2816 publicas
609 2733 916 2812 gerendas
954 2737 1197 2812 spectat
1241 2733 1550 2813 majorem
1597 2741 1705 2794 aut
1746 2733 2229 2814 amplitudinem
2270 2734 2335 2793 in
2374 2753 2632 2815 compo-

277 2832 494 2894 nendo
525 2837 636 2891 aut
668 2830 1088 2892 eruditionem
1118 2830 1182 2890 in
1212 2828 1619 2910 disquirendo
1659 2830 2058 2891 exhibuerat.
2103 2832 2281 2892 Certe
2322 2850 2451 2892 non
2488 2843 2632 2892 cum

281 2931 546 2992 Platone
578 2928 675 2990 vel
706 2927 1038 2988 Aristotele
1069 2927 1485 2989 conferendus
1509 2926 1693 2988 nobis
1724 2947 1854 2988 csse
1882 2927 2159 3001 videtur3
2189 2927 2295 2988 sed
2330 2928 2636 3008 perlonga

277 3028 635 3090 seculorum
660 3025 1049 3106 experientia
1078 3026 1338 3086 edoctus
1357 3031 1419 3084 et
1445 3024 1689 3085 ratione
1712 3025 2034 3086 institutus
2054 3043 2245 3105 quam
2269 3023 2637 3106 philosophi

277 3124 691 3186 excoluerant
741 3121 822 3182 ad
869 3141 1048 3182 usum
1096 3141 1280 3181 suum
1338 3127 1519 3182 tanta
1575 3122 1911 3183 commoda
1960 3121 2199 3201 redegit
2247 3124 2635 3186 extrinsecus

277 3229 446 3284 orta.
481 3218 936 3282 Machiavellus
964 3237 1114 3281 vcro
1144 3219 1417 3300 quiante
1447 3219 1759 3280 Bodinum
1788 3226 1851 3280 et
1871 3219 2025 3280 vixit
2054 3227 2115 3281 et
2134 3219 2383 3301 scripsit
2406 3222 2637 3302 saepius

279 3339 496 3381 rerum
546 3319 969 3396 gerendarum
1024 3317 1332 3379 rationem
1390 3335 1502 3396 pro
1548 3316 1770 3378 habito
1820 3319 1990 3396 apud
2038 3317 2292 3378 Italicas
2347 3318 2638 3380 civitates

280 3436 464 3480 more
487 3416 817 3496 judicavit,
851 3423 912 3476 et
941 3434 1304 3495 quanquam
1331 3414 1586 3492 ingenio
1610 3420 1870 3495 praestat
1899 3420 1961 3475 et
1984 3413 2041 3474 vi
2061 3413 2436 3494 eloquentiae
2464 3414 2638 3477 haud

281 3516 471 3577 facile
501 3509 734 3576 dix'eris
756 3533 838 3574 an
869 3513 1175 3592 majorem
1202 3512 1475 3574 fructum
1497 3512 1581 3572 sis
1604 3518 2013 3593 percepturus
2033 3530 2111 3573 ex
2141 3513 2394 3574 evoluta
2416 3511 2639 3574 Bodini

282 3611 629 3695 Republica
654 3630 846 3692 quam
877 3629 954 3671 ex
985 3609 1374 3672 Orationibus
1397 3610 1474 3670 de
1510 3609 1646 3672 Tito
1670 3608 1869 3671 Livio,

363 3711 648 3790 Denique
687 3715 937 3769 constat
977 3708 1399 3769 Secundatum
1440 3727 1479 3768 a
1522 3707 1765 3769 Bodino
1800 3707 2088 3769 nonnihil
2128 3709 2538 3789 assumpsisse
2578 3717 2641 3771 et

281 3825 590 3885 magnam
631 3805 798 3866 inter
842 3823 950 3866 eos
993 3803 1378 3884 deprehendi
1423 3803 1898 3864 similitudinem
1952 3803 2019 3864 in
2070 3811 2375 3883 concepta
2428 3824 2639 3866 rerum

281 3903 712 3985 gerendarum
740 3903 1005 3963 ratione.
1034 3901 1438 3963 Doctissimus
1467 3908 1733 3982 uterque
1762 3907 1823 3962 et
1862 3900 2334 3974 solertissimus;
2374 3907 2640 3981 uterque

281 4009 543 4064 aetatem
593 4019 776 4061 suam
823 3999 1176 4072 antecessit,
1227 3997 1336 4060 sed
1387 3999 1553 4060 alter
1599 3999 1884 4076 longiore
1942 3997 2274 4060 intervallo
2332 4017 2525 4077 quam
2572 4007 2642 4062 ut

278 4100 622 4162 hominum
657 4104 902 4159 mentes
941 4116 1342 4158 commovere
1374 4097 1653 4177 potuerit
1686 4102 1797 4156 aut
1832 4094 2069 4156 meritis
2108 4094 2401 4156 laudibus
2447 4095 2638 4170 affici,

283 4199 449 4263 alter
486 4215 640 4258 vero
680 4195 919 4257 felicior
956 4195 1064 4274 qui
1103 4214 1379 4276 praesens
1419 4194 1695 4274 aequales
1734 4192 2035 4272 instigare
2070 4199 2133 4254 et
2172 4193 2347 4254 vivus
2388 4192 2642 4264 illorum

279 4295 628 4360 miratione
659 4293 785 4356 frui
815 4294 1114 4374 potuerit.
1141 4293 1237 4354 Ad
1262 4293 1384 4355 hoc
1412 4299 1696 4355 veterum
1720 4290 2042 4352 annalium
2058 4290 2347 4371 ¹jurisque
2375 4292 2647 4352 Romani

283 4403 348 4458 et
375 4393 604 4460 Gallici
648 4400 908 4474 uterque
949 4392 1384 4472 peritissimuS,
1417 4391 1585 4472 aequi
1624 4389 2213 4451 observantissimus
2256 4395 2317 4450 et
2356 4389 2435 4450 ad
2474 4407 2643 4467 prae-

433 4503 753 4559 nonianus.
2329 4494 2361 4548 «ί

3037 646 3040 657 -
3029 572 3040 639 Δ--Λι
3017 322 3038 565 ,μαι--.α-ἑμ
3014 8 3032 313 -ᾼ-ΛΑ-ῌ-Α-
