3131 5145
1205 492 1619 555 '--51-·

277 642 400 692 una
437 642 476 683 a
519 640 692 699 rege,
737 622 1012 683 secunda
1044 624 1125 685 ab
1153 625 1608 704 optimatibus,
1660 624 1847 686 tertia
1886 644 1925 687 a
1962 626 2199 706 populo
2241 636 2519 706 regatur,
2566 630 2633 690 in

277 740 462 782 unam
507 726 572 781 et
621 718 912 780 eamdem
957 728 1197 782 coeunt
1245 722 1627 803 reipublicae·
1663 723 1963 796 formam,
2017 724 2334 804 simulque
2380 738 2633 788 summ'a

277 824 550 899 potestas
606 836 679 877 ac
721 816 1056 896 imperium
1101 820 1395 881 omnibus
1431 820 1957 896 communicetur,
2008 822 2149 899 quis
2182 822 2430 889 ‚dubitet
2478 826 2629 904 quin

277 921 472 976 status
513 914 621 975 ille
669 915 754 975 sit
797 914 1123 994 popularis
1171 917 1436 977 omnino
1482 917 1773 979 futurus?
1800 918 1928 979 Nisi
1975 918 2247 979 vicissim
2293 920 2627 1001 imperium

277 1015 430 1091 regi,
459 1012 694 1073 deinde
723 1012 1160 1092 optimatibus„
1193 1020 1416 1092 postea
1446 1014 1683 1094 populo
1715 1014 2103 1077 tribuatur...
2137 1040 2168 1072 »

354 1110 701 1191 Tripartito
730 1109 930 1171 divisa
959 1106 1226 1172 materia
1249 1117 1468 1173 tenues
1507 1118 1571 1173 et
1610 1112 1994 1173 minusculas
2028 1114 2116 1173 rei
2159 1121 2373 1193 partes
2411 1134 2629 1195 aggre—

277 1210 440 1270 ditur
487 1214 551 1268 et
603 1208 880 1287 primum
933 1207 1013 1267 de
1065 1208 1248 1269 unius
1306 1210 1637 1271 dominatu
1694 1210 1944 1271 disserit
1999 1212 2108 1288 qui
2161 1212 2401 1291 primus
2461 1214 2629 1294 apud

279 1307 561 1367 homines
641 1326 853 1367 rerum
930 1307 1350 1385 gerendarum
1431 1308 1548 1368 fuit
1612 1307 1885 1369 habitus.
1951 1333 1983 1365 «
2044 1309 2360 1390 Principio
2418 1330 2628 1373 rerum

278 1405 580 1477 omnium,
623 1423 751 1483 quo
796 1404 1063 1465 societas
1100 1404 1432 1466 hominum
1474 1407 1825 1467 coalescere
1877 1405 2090 1485 coepit,
2144 1426 2216 1468 ac
2267 1408 2659 1488 reipublicae,

276 1500 477 1562 forma
505 1502 802 1581 quaedam
835 1502 1156 1576 constitui,
1191 1502 1375 1563 unius
1411 1502 1679 1583 imperio
1716 1522 1789 1563 ac
1826 1502 2156 1565 dominatu
2200 1506 2414 1567 omnia
2453 1513 2629 1567 tene-

280 1598 523 1659 bantur.
553 1600 746 1660 Fallit
777 1598 910 1681 (sic)
943 1600 1109 1659 enim
1140 1599 1526 1674 Aristoteles,
1559 1601 1670 1680 qui
1706 1620 1968 1661 aureum
1998 1601 2156 1662 illud
2187 1622 2388 1680 genus
2418 1604 2631 1666 homi-

281 1715 425 1756 num
448 1696 693 1758 fabulis
709 1705 1038 1776 poetarum
1063 1716 1252 1777 quam
1285 1716 1347 1757 re
1368 1698 1508 1777 ipsa
1528 1698 1855 1771 illustriuS,
1882 1717 2059 1778 reges
2081 1700 2311 1762 heroas
2331 1702 2456 1761 suff
2456 1702 2631 1782 ragio

283 1812 520 1856 creasse
560 1794 920 1875 prodidit...
957 1818 987 1849 »
1026 1794 1330 1855 Dominus
1367 1795 1431 1855 in
1469 1793 1867 1855 subditorum
1908 1796 2077 1855 bona
2118 1802 2180 1856 et
2221 1798 2416 1858 vitam
2456 1817 2639 1858 sum--

283 1911 449 1953 mum
509 1898 762 1953 exercet
804 1894 940 1971 jus3
991 1892 1098 1953 sed
1143 1892 1564 1953 annuentibus
1612 1893 1905 1972 imperat,
1956 1893 2223 1973 ideoque
2274 1913 2313 1955 a
2357 1901 2631 1976 tyranno

285 1989 464 2067 longe
495 1990 714 2051 distat.

359 2087 508 2147 Inde
541 2087 624 2149 ad
666 2053 901 2165 &giam
947 2092 1320 2167 potestatem
1365 2088 1607 2149 accedit
1643 2088 1920 2150 Bodinus
1956 2094 2017 2149 et
2053 2089 2114 2149 in
2156 2088 2322 2151 hunc
2362 2054 2643 2152 civitatis.
2713 2176 2725 2183 .

284 2192 514 2245 statum
569 2204 760 2265 quem
816 2204 1008 2245 unum
1068 2204 1198 2263 prae
1257 2185 1477 2245 ceteris
1530 2192 1696 2246 certe
1753 2186 2057 2263 diligebat
2109 2206 2392 2248 amorem
2446 2206 2631 2249 suum

287 2282 486 2343 vivide
516 2283 857 2363 expromit.
893 2284 1043 2355 Quae
1076 2282 1202 2343 sint
1230 2282 1381 2343 boni
1413 2283 1713 2363 principis
1738 2283 1951 2344 officia
1980 2285 2172 2345 nobili
2214 2285 2633 2365 descriptione

287 2380 544 2459 colligit,
578 2399 722 2461 quae
749 2399 1049 2457 magnam
1079 2380 1480 2441 mirationem
1517 2388 1770 2441 moveat
1801 2382 1854 2441 si
1887 2382 1965 2441 ad
2004 2384 2287 2443 omnium
2330 2402 2629 2461 generum

291 2477 524 2561 flagitia
550 2478 841 2539 conseras
871 2477 1098 2559 quibus
1128 2478 1392 2538 extremi
1417 2476 1647 2539 Valesii
1676 2496 1943 2557 regnum
1980 2484 2419 2559 turpaverunt,
2451 2481 2635 2543 nobis

288 2595 436 2642 vero
461 2577 706 2640 nullam
739 2576 872 2636 siin
901 2577 1273 2638 memoriam
1296 2578 1799 2638 revocaverimus
1824 2577 2132 2639 Bodinum
2157 2578 2320 2640 inter
2344 2580 2633 2658 egregios

289 2672 422 2734 illos
451 2675 626 2739 viros
651 2681 1137 2735 annumeratum
1173 2674 1360 2734 fuisse
1390 2674 1619 2754 quibus
1647 2674 1927 2736 Politicis
1959 2695 2188 2737 nomen
2212 2677 2483 2738 inditum
2515 2684 2631 2750 est,

284 2790 552 2850 quorum
581 2770 879 2851 praesidio
908 2780 972 2832 et
1004 2771 1286 2851 auspicio
1315 2772 1619 2833 Henricus
1644 2779 1907 2852 quartus
1948 2792 2208 2850 regnum
2251 2793 2508 2834 exorsus
2542 2784 2637 2836 est

288 2887 632 2948 pacemque
681 2867 987 2932 mentium
1037 2869 1416 2947 conciliavit,
1463 2870 1818 2948 composito
1864 2869 2239 2948 religionum
2289 2871 2521 2949 furore,
2574 2879 2637 2934 et

287 2985 513 3026 novum
542 2967 982 3046 prosperitatis
1005 2965 1375 3045 decorisque
1401 2985 1607 3027 aevum
1652 2967 1716 3026 in
1746 2966 1949 3028 Gallia
1986 2967 2177 3028 tantis
2216 2974 2446 3036 vexata
2470 2980 2633 3048 ‘pro-

285 3063 451 3124 cellis
479 3064 643 3124 iniit.
683 3087 715 3120 «
745 3063 939 3143 Regia
967 3069 1278 3144 potestate
1307 3063 1394 3124 sic
1426 3065 1790 3138 constituta,
1824 3071 1894 3126 ut
1918 3065 2149 3126 subditi
2180 3065 2434 3145 quidem
2466 3060 2635 3146 prin-

287 3161 437 3241 cipis
491 3162 759 3241 legibuS,
817 3161 1108 3241 princeps
1154 3168 1364 3224 autem
1417 3161 1541 3241 legi
1594 3167 1838 3223 naturae
1887 3171 2130 3242 pareat,
2190 3163 2291 3224 lex
2341 3164 2635 3244 utrinque

287 3258 562 3335 domina,
611 3259 734 3332 vel,
774 3266 844 3319 ut
889 3259 1204 3320 Pindarus
1251 3259 1359 3337 ait,
1409 3279 1605 3338 regna
1644 3260 1925 3340 utrisque
1970 3261 2310 3340 imperans,
2350 3263 2635 3323 subditos

287 3356 441 3417 inter
487 3377 576 3430 se,
631 3363 694 3417 et
746 3375 888 3417 cum
950 3357 1254 3436 principe,
1316 3356 1536 3418 iisdem
1584 3358 1851 3418 vinculis
1900 3358 2243 3436 copulabit,
2306 3378 2382 3418 ex
2433 3378 2634 3440 eoque

283 3455 688 3514 suavissimus
718 3460 1057 3515 concentus
1087 3454 1332 3528 existet,
1360 3455 1467 3534 qui
1499 3454 1819 3533 voluptate
1852 3473 1922 3515 ac
1953 3454 2251 3516 felicitate
2282 3456 2631 3517 incredibili

285 3557 580 3630 ‚utrosque
613 3552 800 3612 beare
831 3553 1054 3631 possit.
1091 3575 1123 3607 »

340 3638 657 3729 ‘Sequitur
691 3648 770 3710 de
813 3649 1148 3728 tyrannide
1193 3648 1398 3710 brevis
1428 3648 1808 3712 dissertatio.
1854 3673 1885 3706 «
1916 3649 2224 3730 Tyrannis
2271 3657 2385 3725 est,
2427 3651 2635 3732 inquit

285 3745 582 3821 BodinuS,
606 3745 670 3806 in
692 3765 820 3825 qua
850 3765 1008 3806 unus
1031 3747 1220 3807 homo
1247 3746 1476 3808 divinis
1500 3765 1573 3807 ac
1600 3753 1842 3808 naturae
1866 3749 2109 3828 legibus
2135 3749 2419 3822 sublatiS,
2447 3751 2633 3812 rebus

285 3842 498 3904 alienis
549 3852 618 3904 ut
655 3844 803 3919 suiS,
848 3852 910 3905 et
950 3842 1163 3904 liberis
1205 3843 1564 3904 hominibus
1596 3846 1777 3925 quasi
1818 3846 2147 3924 mancipiis
2180 3847 2258 3906 ad
2302 3846 2629 3908 libidinem

285 3941 581 4003 abutitur.
625 3967 654 3998 »
702 3943 854 4002 Post
893 3941 1030 4002 haec
1075 3944 1241 4002 inter
1269 3961 1334 4001 se
1374 3961 1482 4002 rex
1513 3948 1575 4001 et
1618 3949 1923 4021 tyrannus
1950 3945 2149 4004 fusius
2188 3946 2626 4006 conferuntur.

283 4061 314 4092 «
356 4039 634 4117 Tyranni
685 4057 878 4118 porro
922 4057 994 4099 ac
1051 4038 1213 4116 regis
1256 4038 1594 4099 discrimen
1638 4046 1761 4116 est,
1814 4041 1985 4120 quod
2024 4040 2126 4101 hic
2172 4048 2413 4101 naturae
2463 4042 2629 4120 leges

284 4135 708 4215 amplectitur,
755 4136 874 4196 ille·
911 4137 1239 4215 proculcat
1291 4157 1304 4194 :
1357 4135 1458 4196 hic
1510 4135 1902 4214 religionem,
1940 4137 2255 4216 justitiam
2314 4157 2387 4198 ac
2440 4140 2631 4200 iidem

281 4231 451 4307 colit,
474 4232 582 4294 ille
614 4232 961 4313 impietate,
993 4233 1297 4312 injustitia
1323 4239 1386 4293 et
1414 4233 1697 4312 perjurio
1730 4233 2117 4294 delectatur:
2146 4233 2245 4295 hic
2272 4235 2491 4296 omnia
2518 4254 2633 4296 sua

280 4330 485 4391 studia
534 4331 618 4391 ad
664 4329 1026 4410 reipublicae
1069 4330 1334 4390 salutem
1375 4330 1619 4391 confert
1652 4347 1667 4391 :
1706 4331 1808 4391 ille
1852 4331 2067 4392 omnia
2092 4331 2361 4392 utilitate
2402 4351 2517 4392 sua
2559 4351 2631 4393 ac

279 4426 606 4506 voluptate
635 4427 890 4488 metitur
895 4473 1019 4490 .....
1045 4427 1146 4488 hic
1169 4442 1313 4487 suas
1342 4446 1494 4506 opes
1523 4427 1753 4488 civium
1778 4447 1909 4488 esse
1938 4434 2140 4508 putat,
2168 4428 2272 4489 ille
2304 4446 2433 4490 non
2462 4429 2631 4489 bona
