3131 5145
1525 425 1853 518 *324

511 590 878 662 hominibus
903 587 1054 669 ipsis
1085 577 1364 664 obediaS,
1396 607 1591 670 quam
1625 593 2081 670 praeposterum
2112 588 2341 649 fuerit?
2367 589 2675 652 Dominus
2713 609 2863 669 ergo

515 707 622 749 rex
654 694 746 750 est
775 705 994 765 regum
1021 705 1036 749 :
1066 686 1176 766 qui
1200 683 1309 747 ubi
1339 705 1589 747 sacrum
1617 706 1687 748 os
1712 685 1982 766 aperuit,
2007 704 2171 746 unus
2201 704 2316 765 pro
2344 686 2639 748 omnibus
2668 689 2861 750 semei

507 806 585 848 ac
610 805 802 866 supra
831 803 1051 846 omnes
1075 790 1169 846 est
1201 784 1551 846 audiendus
1586 803 1600 847 :
1634 783 1709 846 iis
1740 783 1965 846 deinde
1993 782 2102 864 qui
2130 783 2314 845 nobis
2344 791 2626 865 praesunt
2656 786 2859 848 homi-

513 885 698 945 nibus
730 883 996 964 subjecti
1026 901 1243 942 sumus
1275 901 1289 942 :
1325 883 1430 943 sed
1465 901 1593 943 non
1619 880 1741 943 nisi
1770 883 1834 942 in
1862 881 2022 962 ipso‚
2047 881 2360 944 Adversus
2385 882 2593 962 ipsum
2626 883 2679 944 si
2708 885 2857 964 quid

511 981 846 1062 imperent,
879 978 1053 1041 nullo
1083 979 1164 1040 sit
1191 999 1303 1040 nec
1336 979 1476 1041 loco
1509 999 1625 1041 nec
1650 998 1936 1041 numero,
1970 1005 1999 1036 »

589 1079 698 1139 His
740 1097 818 1140 ex
860 1078 1065 1139 verbis
1111 1097 1241 1138 non
1285 1077 1543 1139 aliunde
1592 1077 2035 1138 excutiendum
2076 1083 2165 1137 est
2211 1076 2593 1158 principium
2626 1085 2690 1141 et
2719 1082 2856 1142 fons

512 1175 998 1255 protestantium
1049 1174 1344 1250 rationis;
1388 1174 1468 1235 ab
1508 1174 1617 1235 illo
1658 1175 1897 1236 semine
1937 1179 2146 1235 ortum
2187 1181 2281 1235 est
2319 1173 2652 1236 discidium
2699 1176 2859 1239 inter

511 1275 914 1336 reformatam
948 1272 1316 1352 religionem
1348 1280 1411 1334 et
1441 1273 1684 1350 regium
1715 1272 2075 1352 imperium,
2105 1270 2377 1351 odiaque
2413 1279 2477 1333 et
2510 1275 2857 1336 certamina

505 1391 650 1453 quae
681 1369 968 1432 maximis
995 1371 1283 1431 auctibus
1312 1370 1377 1430 in
1401 1377 1725 1450 posterum
1756 1376 2006 1450 tempus
2036 1376 2392 1431 creverunt.
2421 1369 2514 1430 Ex
2551 1370 2663 1432 illo
2694 1391 2857 1452 prae·

510 1476 690 1550 cepto
715 1467 896 1548 quasi
921 1487 994 1528 ex
1028 1468 1199 1528 fonte
1230 1467 1554 1530 communi
1585 1474 2041 1529 emanaverunt
2067 1472 2128 1528 et
2158 1467 2501 1529 deterrima
2531 1468 2773 1532 scelera
2799 1475 2859 1532 et

507 1567 754 1627 virtutis
793 1565 1287 1646 constantiaeque
1326 1565 1721 1628 nobilissima
1756 1571 1926 1628 acta.
1968 1567 2147 1639 Quod
2188 1567 2241 1627 si
2275 1567 2541 1628 extollat
2582 1574 2857 1631 mentem

507 1665 855 1726 humanam
908 1669 969 1724 et
1020 1663 1319 1726 virtutem
1382 1664 2127 1744 obtemperationemque
2191 1664 2437 1743 legibus
2503 1665 2734 1727 divinis
2794 1668 2856 1728 in

505 1781 822 1824 summam
865 1751 1300 1842 quasi'arcem
1351 1762 1712 1840 seponendo
1759 1769 1829 1823 ut
1877 1763 1957 1824 ab
2002 1761 2344 1824 assultibus
2390 1763 2690 1825 humanae
2750 1783 2858 1845 po-

511 1860 718 1922 tentiae
748 1859 814 1919 in
860 1864 995 1919 tuto
1039 1859 1185 1930 sint,
1215 1858 1455 1939 aliquid
1500 1867 1667 1920 certe
1698 1859 1859 1919 inest
1894 1865 1955 1919 et
1992 1858 2202 1920 nobile
2246 1860 2432 1921 simul
2471 1867 2533 1921 et
2576 1880 2853 1940 aequum.

509 1956 630 2020 Sed
682 1957 734 2017 si
784 1955 1079 2016 sublimia
1126 1955 1236 2015 illa
1277 1961 1600 2036 praecepta
1649 1955 1997 2016 deciderint
2049 1957 2113 2016 in
2164 1957 2599 2019 turbulentum
2654 1978 2857 2020 aevum

509 2054 843 2134 pravisque
883 2051 1125 2112 artibus
1165 2051 1470 2125 additum,
1513 2055 1868 2114 furentibus
1906 2053 2354 2132 cupiditatibus
2395 2060 2458 2116 et
2494 2055 2856 2134 depravatae

508 2150 798 2228 religioni
837 2168 1017 2210 arma
1050 2148 1571 2224 ministraverint,
1616 2150 2070 2230 ambitionique
2114 2153 2569 2231 praetenderint
2593 2171 2855 2214 excusa-

509 2251 770 2312 tionem.
804 2248 984 2319 Quod
1025 2250 1316 2312 effectum
1357 2255 1449 2309 est
1480 2248 1726 2309 decimo
1766 2254 1939 2310 sexto
1976 2249 2187 2311 seculo
2220 2269 2331 2328 per
2360 2250 2572 2312 civiles
2599 2251 2855 2329 religio-

508 2366 734 2427 sosque
766 2352 974 2408 motus
1003 2346 1232 2427 quibus
1261 2346 1500 2426 agitata
1531 2353 1624 2407 est
1661 2346 1771 2406 illa
1802 2353 1974 2407 aetaS.
2009 2348 2104 2407 Ab
2133 2346 2243 2408 illa
2272 2348 2515 2409 Calvini
2548 2351 2859 2412 sententia

501 2452 567 2506 et
591 2444 854 2506 factiosa
877 2444 1223 2507 nobilitatis
1253 2444 1514 2506 consilia
1536 2444 1844 2522 originem
1876 2444 2131 2520 duxere,
2165 2444 2491 2526 caedesque
2520 2453 2678 2510 ortae
2709 2454 2858 2510 sunt

503 2549 571 2604 ut
600 2548 974 2622 argumento
1013 2548 1107 2605 est
1133 2542 1499 2605 Franciscus
1533 2541 1777 2604 Guisius
1816 2542 2059 2604 occisus
2100 2562 2139 2605 a
2176 2543 2482 2607 Politroto
2527 2545 2772 2626 pariter
2793 2551 2857 2608 et

503 2640 787 2703 sublimis
829 2640 1052 2704 Colinii
1086 2643 1104 2676 ¹
1165 2659 1341 2702 mens
1388 2641 1776 2720 virtutesque
1819 2632 2066 2703 eximiae
2111 2641 2457 2703 multorum
2500 2650 2857 2723 protestan-

503 2740 659 2801 tium
692 2745 753 2801 et
776 2738 1161 2818 integerrimi
1186 2758 1416 2800 mores.

585 2837 820 2899 Scitum
854 2844 947 2899 est
975 2836 1383 2918 quantumvis
1413 2836 1623 2897 conati
1654 2836 1777 2897 sint
1808 2837 2168 2899 reformatae
2199 2837 2521 2917 religionis
2542 2836 2767 2900 arbitri
2792 2846 2857 2901 et

501 2938 794 2997 doctores
825 2943 890 2996 ut
929 2935 1048 2996 sibi
1083 2936 1349 3014 gratiam
1391 2934 1747 3014 principum
1782 2939 1844 2994 et
1882 2934 2367 3013 magistratuum
2416 2935 2851 3010 conciliarent,

500 3034 871 3114 plerumque
900 3034 981 3094 ad
1007 3033 1473 3095 dimicationem
1507 3037 1569 3093 et
1604 3031 1984 3093 discordiam
2027 3050 2159 3093 rem
2198 3031 2461 3093 venisse.
2513 3032 2856 3113 Religionis

467 3201 472 3207 ,
501 3132 666 3192 enim
699 3132 1052 3212 proprietas
1079 3130 1316 3212 aliquid
1343 3130 1597 3191 demum
1625 3150 1756 3210 prae
1788 3148 1853 3190 se
1884 3130 2046 3208 gerit
2076 3128 2384 3191 libertatis
2411 3129 2709 3209 politicae.
2733 3130 2854 3193 Ubi

500 3228 788 3292 subditus
816 3229 967 3290 civis
1001 3227 1235 3288 nullius
1269 3234 1363 3289 est
1407 3227 1734 3301 momenti,
1786 3227 1892 3308 qui
1934 3227 2070 3289 fieri
2116 3232 2325 3306 potest
2362 3232 2433 3288 ut
2470 3229 2855 3291 conscientia

500 3329 635 3408 ejus
664 3332 726 3389 et
753 3326 979 3388 intima
1007 3344 1181 3387 mens
1213 3326 1424 3405 magni
1454 3326 1575 3387 sit?
1597 3326 1691 3385 Ad
1721 3326 1844 3387 hoc
1872 3325 1938 3386 in
1963 3324 2217 3387 civitate
2243 3324 2465 3387 alienae
2489 3327 2853 3389 auctoritati

499 3426 750 3488 subdita
780 3445 906 3506 qua
930 3424 1174 3487 ratione
1203 3424 1399 3504 possit
1429 3424 1727 3486 exsistere
1772 3422 2035 3485 ecclesia
2066 3422 2267 3484 libera
2300 3430 2363 3485 et
2410 3423 2507 3484 sui
2545 3427 2855 3505 compos?

500 3521 617 3583 Illa
663 3542 740 3584 ex
770 3522 988 3602 positis
1028 3521 1349 3603 principiis
1388 3521 1741 3582 necessario
1782 3520 2081 3601 consequi
2130 3520 2517 3583 Reformatio
2553 3521 2851 3585 citissime

499 3619 944 3680 animadvertit
972 3625 1035 3680 et
1057 3619 1203 3681 inde
1229 3618 1518 3681 effectum
1546 3624 1641 3679 est
1678 3623 1747 3679 ut
1786 3636 1823 3679 a
1865 3618 2040 3697 regia
2077 3622 2391 3698 potestate
2430 3617 2708 3681 alienata
2746 3620 2843 3683 sit.

499 3715 696 3779 Simul
728 3717 1075 3778 litterarum
1102 3722 1382 3778 veterum
1424 3716 1923 3793 redintegratum
1967 3715 2271 3790 studium,
2304 3721 2365 3777 et
2409 3716 2667 3779 assidua
2703 3737 2847 3780 cum

501 3814 775 3894 antiquis
793 3813 1205 3894 scriptoribus
1229 3813 1647 3890 conversatiO,
1670 3831 2061 3894 operumque
2082 3813 2486 3895 pertrectatio
2507 3814 2844 3877 moralium

502 3910 1050 3992 politicorumque,
1086 3910 1387 3985 PlatoniS,
1414 3910 1913 3990 Aristotelisque,
1940 3910 2385 3973 historicorum
2411 3917 2473 3972 et
2494 3917 2843 3985 oratorum,

498 4010 901 4091 studiosaque
938 4015 1498 4072 monumentorum
1539 4015 1603 4070 et
1640 4008 1954 4087 originum
1996 4008 2274 4071 historiae
2310 4015 2543 4071 nostrae
2581 4009 2843 4071 investi-

497 4106 671 4183 gatio
695 4154 710 4180 ,
774 4126 846 4169 ac
899 4108 1216 4188 praecipue
1273 4112 1694 4169 sacrosanctae
1761 4106 2100 4187 Scripturae
2132 4152 2147 4180 ,
2206 4125 2441 4169 novum
2501 4107 2843 4187 quemdam

558 4320 604 4367 1.
636 4318 692 4367 In
725 4319 823 4369 hac
850 4319 1007 4380 thesi,
1037 4319 1258 4370 latinam
1289 4320 1592 4371 versionem
1624 4320 1791 4371 secuti
1824 4332 2011 4370 sumus
2042 4320 2327 4371 nominum
2361 4320 2697 4385 propriorum
2725 4335 2843 4385 quae

497 4388 550 4435 in
578 4388 783 4452 Thuani
815 4388 1165 4439 Historiarum
1194 4391 1348 4441 libris
1377 4391 1740 4441 continentur.
