3131 5145
1459 440 1872 505 -86,-,.

454 588 517 643 et
554 580 883 658 sanguine,
924 584 989 639 et
1034 578 1227 656 caede,
1266 577 1345 639 ad
1384 576 1549 637 hane
1590 576 1794 637 diram
1836 574 2225 655 impietatem
2262 582 2397 638 toto
2427 595 2625 654 regno
2656 596 2802 657 pro-

450 678 811 760 pagandam
842 676 1149 737 connixus
1181 682 1294 738 est.
1328 700 1357 732 »
2027 730 2032 735 .

446 830 453 837 .
478 787 499 854 ᾗ
537 776 815 837 Tertium
844 781 989 853 post
1015 773 1153 835 haec
1192 773 1445 852 attingit
1481 792 1679 851 genus
1710 780 2126 853 tyrannorum
2159 773 2302 834 aliis
2327 772 2796 835 exsecrabilius,

452 902 509 951 μ-
545 876 643 936 Illi
684 873 989 953 imprimis
1027 878 1173 933 sunt
1220 872 1471 951 tyranni
1509 871 1866 932 christianis
1905 872 2178 933 maxime
2225 870 2662 946 exsecrabileS,
2694 872 2800 950 qui

453 974 689 1053 regiam
721 972 1065 1051 potentiam
1092 972 1418 1051 applicant
1438 972 1519 1030 ad
1540 970 1706 1031 hanc
1730 969 1918 1031 fidem
1941 970 2414 1044 destruendam,
2439 977 2501 1030 et
2529 970 2801 1032 haereses

450 1071 755 1152 ejus·loco
785 1070 851 1130 in
891 1068 1347 1148 rempublicam
1388 1067 1808 1141 inducendas;
1831 1074 1894 1129 et
1923 1068 2179 1148 tyranni
2208 1074 2354 1129 sunt
2382 1068 2648 1147 paganis
2677 1068 2801 1129 illis

458 1177 642 1231 tanto
679 1168 1035 1247 nequioreS,
1078 1175 1317 1248 quanto
1364 1168 1521 1229 tides
1564 1167 1790 1227 Christi
1833 1164 1978 1228 fidei
2021 1186 2288 1246 paganae
2333 1166 2798 1228 antecellit.....

450 1268 613 1329 lllud
645 1285 834 1330 unum
868 1267 969 1327 hic
998 1266 1314 1346 adjectum
1346 1265 1491 1327 volo
1521 1272 1582 1326 et
1615 1264 2032 1326 animadverti
2069 1266 2282 1345 cupio,
2317 1266 2488 1345 quod
2526 1272 2620 1325 est
2659 1284 2797 1343 pcr-

456 1367 669 1447 spicue
688 1384 903 1427 verum
934 1370 993 1425 et
1014 1384 1089 1425 ex
1122 1365 1253 1425 istis
1283 1362 1652 1444 antepositis
1677 1381 2088 1443 consequens,
2119 1366 2226 1424 vix
2255 1364 2364 1424 aut
2394 1364 2602 1443 potius
2629 1380 2796 1423 nun·

456 1483 646 1545 quam
678 1463 816 1524 fieri
851 1482 1055 1542 posse,
1084 1468 1155 1522 ut
1194 1480 1301 1522 rex
1335 1460 1561 1541 aliquis
1600 1460 1910 1522 catholice
1953 1462 2358 1533 christianus,
2391 1481 2424 1522 e
2453 1461 2796 1523 christiano

450 1561 563 1623 tali
602 1562 831 1622 evadat
872 1561 1227 1636 baereticuS,
1261 1560 1415 1638 quin
1452 1578 1527 1619 eo
1573 1558 1710 1639 ipso
1757 1565 2082 1621 momento
2130 1560 2476 1638 eademque
2515 1577 2732 1640 opera,
2765 1578 2798 1619 e

450 1679 597 1738 rege
629 1660 853 1720 evadat
883 1664 1189 1738 tyrannus
1197 1702 1320 1719 .....
1355 1656 1509 1718 Hinc
1539 1658 1776 1718 sactum
1803 1663 1919 1732 est,
1955 1664 2026 1717 ut
2054 1658 2330 1737 majores
2359 1658 2558 1719 nostri
2587 1666 2800 1737 patres

455 1758 919 1838 ¹scriptoresque
968 1755 1478 1830 moderatissimi,
1520 1755 1936 1835 imperatores
1979 1756 2360 1817 christianos
2405 1762 2474 1815 ut
2525 1756 2796 1833 primum

453 1855 751 1917 haeresim
783 1853 1058 1933 amplexi
1092 1860 1259 1929 sunt,
1292 1853 1502 1912 statim
1536 1852 1875 1914 habuerint
1906 1870 2020 1932 pro
2053 1852 2356 1933 tyrannis,
2391 1852 2638 1913 etiamsi
2668 1853 2800 1914 sor-

454 1954 643 2014 tassis
683 1971 919 2031 magna
958 1951 1171 2030 aliqua
1213 1950 1585 2012 erudelitate
1623 1968 1751 2011 non
1790 1950 2044 2011 fuerunt
2092 1951 2332 2029 alioqui
2383 1949 2720 2011 notabileS.
2767 1975 2796 2005 »

456 2052 633 2123 Quod
663 2051 983 2114 concludit
1012 2049 1425 2111 adscribendo
1455 2050 1792 2110 Henricum
1837 2050 2089 2110 tertium
2121 2050 2202 2110 ad
2231 2049 2354 2111 hoc
2384 2057 2798 2128 tyrannorum

453 2170 677 2227 genu5‚
706 2150 1047 2228 omniaque
1086 2155 1414 2208 enumerat
1453 2146 1533 2207 ab
1575 2165 1650 2207 eo
1684 2154 1906 2208 contra
1937 2147 2260 2207 ecclesiam
2295 2154 2358 2207 et
2381 2148 2569 2208 fidem
2600 2154 2796 2226 gesta.

534 2248 789 2309 Decimo
818 2247 1095 2327 capitulo
1126 2244 1280 2306 nihil
1311 2251 1477 2306 certe
1508 2244 1882 2306 insolentius
1906 2252 2017 2304 aut
2041 2246 2291 2305 curiosa
2320 2244 2800 2324 investigatione

456 2346 708 2432 dignius
754 2345 997 2407 decimo
1046 2349 1221 2403 sexto
1266 2343 1475 2405 seculo
1532 2342 1772 2403 editum
1815 2349 1930 2402 est.
1971 2338 2206 2403 Auctor
2253 2343 2799 2422 comprobandum

456 2446 573 2517 sibi
623 2444 899 2505 destinat
944 2442 1219 2521 primum
1260 2446 1682 2520 protestantes
1729 2440 2132 2519 tyrannicidii
2169 2441 2274 2520 jus
2317 2440 2436 2501 sibi
2483 2442 2801 2502 vindicare

358 2560 363 2592 1
454 2547 522 2605 in
571 2562 679 2606 eos
726 2541 835 2621 qui
886 2539 1285 2618 evangelium
1338 2540 1871 2618 reformatamque
1917 2538 2286 2615 religionem
2342 2558 2468 2601 non
2523 2540 2798 2621 amplec-

456 2651 694 2715 tantur,
728 2647 789 2701 et
832 2638 1032 2700 altera
1074 2655 1151 2698 ex
1191 2644 1369 2717 parte
1417 2637 1590 2698 idem·
1629 2637 1734 2716 jus
1777 2638 1842 2697 in
1891 2657 2068 2718 reges
2103 2637 2436 2699 haereticos
2473 2638 2802 2700 catholicis

458 2739 733 2822 permitti
767 2737 1111 2800 contendit.
1137 2739 1259 2798 Nec
1276 2735 1399 2797 illis
1429 2742 1561 2795 tam
1588 2735 1994 2814 singulariter
2020 2735 2185 2798 inter
2204 2756 2268 2797 se
2297 2737 2802 2816 discrepantibus

456 2837 859 2922 opinionibus
879 2843 1172 2897 movetur
1198 2841 1261 2896 et
1286 2834 1449 2896 mira
1477 2835 1673 2894 animi
1697 2834 2032 2895 serenitate
2063 2835 2270 2916 pergit
2297 2837 2378 2898 ad
2401 2834 2798 2916 propositum

458 2940 669 2998 finem.
690 2933 871 3008 Quod
897 2935 1157 3015 propius
1186 2940 1516 3012 perspecta
1544 2933 1681 3012 ejus
1709 2933 2082 3013 disceptatio
2109 2933 2495 3013 explanabit.
2518 2935 2800 2996 Primum

456 3062 486 3091 «
520 3037 919 3114 desperatam
936 3032 1423 3112 protestantium
1448 3030 1809 3110 opinionem
1831 3031 2061 3092 refellit
2081 3050 2206 3111 qua
2235 3051 2274 3092 a
2298 3033 2522 3112 quovis
2543 3033 2801 3094 homine

456 3133 704 3215 privato
734 3148 1198 3209 quemcumque
1228 3129 1245 3189 i
1255 3148 1511 3210 psorum
1535 3128 1776 3208 judicio
1806 3135 2151 3210 tyrannum
2191 3136 2358 3192 recte
2389 3131 2589 3192 occidi
2621 3149 2804 3210 posse

454 3235 774 3302 asserunt;
805 3227 971 3307 quod
1004 3227 1095 3287 illi
1121 3226 1219 3287 vel
1246 3227 1527 3288 fecerunt
1556 3228 1656 3287 vel
1685 3232 2085 3288 tentaverunt
2111 3229 2178 3288 in
2202 3228 2403 3290 Maria
2429 3229 2651 3308 regina
2680 3233 2804 3292 An-

460 3328 631 3408 gliae,
664 3334 725 3388 et
754 3325 952 3388 altera
989 3326 1187 3387 Maria
1222 3326 1471 3398 scotiae,
1506 3325 1571 3384 in
1611 3325 1766 3387 duce
1796 3326 2141 3401 Parmensi,
2175 3327 2238 3386 in
2269 3327 2426 3389 duce
2457 3327 2708 3402 Guisiae,
2735 3335 2803 3392 et

452 3429 518 3488 in
550 3426 803 3505 regibus
826 3424 1043 3486 Galliae
1068 3424 1402 3484 Francisco
1432 3424 1487 3482 ΙΙ
1518 3430 1581 3484 et
1605 3422 1833 3485 Carolo
1863 3411 2052 3486 IX».-

534 3526 683 3584 Esse
722 3529 935 3582 tamen
984 3522 1196 3600 aliqua
1238 3523 1474 3582 fatetur
1521 3529 1765 3594 auctor,
1798 3522 1848 3582 si
1891 3541 1989 3583 res
2028 3522 2406 3600 generaliter
2441 3526 2802 3590 enuntiatas

458 3621 629 3701 apud
660 3625 1081 3700 protestantes
1113 3619 1407 3698 inspicias
1436 3625 1498 3680 et
1529 3619 1954 3698 dogmaticam
1988 3623 2633 3699 argumentationem,
2666 3627 2802 3706 qui·

458 3719 576 3781 bus
604 3718 685 3780 sit
711 3716 1213 3788 concedendum;
1247 3717 1356 3777 sed
1393 3737 1553 3797 quos
1591 3719 1652 3778 in
1690 3737 1936 3779 errores
1972 3719 2294 3798 decidunt,
2331 3728 2394 3782 et
2431 3741 2625 3802 quam
2656 3743 2802 3804 pra-

454 3818 615 3879 viter
645 3813 1046 3884 delabuntur,
1074 3815 1124 3873 si
1151 3833 1279 3873 non
1305 3821 1582 3876 mentem
1609 3816 1716 3877 sed
1749 3835 1906 3894 rem,
1939 3834 2064 3877 non
2097 3816 2449 3879 doctrinam
2479 3821 2586 3882 sed
2619 3841 2802 3884 usum

454 3913 826 3978 attenderisl
880 3913 1147 3973 Confuse
1190 3919 1499 3991 eructant,
1536 3919 1608 3974 ut
1653 3914 1808 3992 aegri
1855 3915 1920 3976 in
1968 3917 2249 3989 somniis,
2295 3918 2587 3996 quaedam
2635 3923 2806 3982 axio·

456 4019 627 4073 mata
652 4032 795 4092 quae
826 4018 1039 4071 tamen
1072 4016 1313 4089 postea,
1347 4031 1541 4092 quum
1577 4012 1656 4073 ad
1689 4011 2100 4091 particulares
2129 4013 2566 4076 conclusiones
2595 4017 2798 4098 appli-

454 4116 623 4181 cant,
658 4110 913 4170 demum
945 4109 1215 4188 turpiter
1242 4115 1456 4170 errant
1484 4115 1546 4170 et
1572 4108 1892 4173 labuntur.

534 4208 693 4268 Tum
720 4225 835 4286 pro
864 4225 979 4268 sua
1008 4214 1187 4287 parte
1216 4207 1632 4286 quaestionem
1659 4227 1734 4267 ex
1765 4209 2222 4271 catholicorum
2255 4211 2544 4272 moribus
2573 4219 2638 4274 et
2670 4212 2800 4272 dis-

454 4304 691 4385 ciplina
712 4305 1034 4384 explanat,
1053 4313 1115 4367 et
1138 4306 1407 4384 primum
1434 4306 1731 4368 usitatam
1758 4312 1817 4367 et
1844 4307 2058 4368 tritam
2082 4308 2553 4371 distinctionem
2575 4311 2800 4371 iterum

455 4402 712 4464 exhibet
750 4401 915 4464 inter
972 4409 1307 4482 tyrannum
1350 4405 1586 4484 absque
1625 4405 1810 4466 titulo
1855 4413 1917 4467 et
1946 4405 2180 4484 regem'
2193 4407 2340 4486 jure
2369 4407 2653 4486 legitimo
2695 4408 2804 4488 qui
