3131 5145
1256 466 1579 531 ...29-

316 602 655 665 Libertatis
696 619 980 663 amorem
1023 619 1152 662 non
1191 601 1332 682 pari
1372 600 1580 662 studio
1620 599 1960 681 caloreque
1990 599 2095 661 ille
2125 602 2444 682 exprimit,
2475 621 2593 667 nec

235 702 389 781 quid
428 700 506 763 de
544 699 966 781 tyrannicidio
1005 705 1262 760 censeat
1299 699 1668 779 profitetur3
1714 698 1825 759 sed
1857 698 2164 759 affirmari
2203 704 2411 780 potest
2447 720 2593 763 eum

238 802 302 861 in
332 798 676 881 perfidiam·
705 797 1140 877 saevitiamque
1168 797 1484 859 infensum
1515 816 1668 858 sane
1695 814 1732 857 a
1766 795 1938 859 caede
1968 796 2326 877 principum
2357 798 2595 861 abhor-

239 897 460 959 ruisse.
494 898 583 958 De
619 914 746 975 qua
769 901 984 956 tamen
1013 895 1202 957 nimis
1229 894 1450 957 forsan
1487 894 1715 974 frigide
1759 892 2077 973 eloquitur
2104 893 2171 954 in
2212 894 2592 960 conferendo

237 996 677 1057 Balthasarem
738 993 1110 1072 Gerardum‚
1160 993 1267 1073 qui
1318 993 1846 1054 Arausionensem
1904 992 2396 1055 obtruncaverat
2450 1013 2594 1056 cum

241 1092 551 1154 Politroto
580 1093 785 1152 Mereo
821 1109 835 1153 :
873 1115 904 1147 «
934 1091 1143 1151 Certes
1173 1090 1216 1150 il
1247 1110 1290 1170 y
1320 1090 1618 1171 employa
1646 1108 1771 1151 une
1811 1088 1983 1149 main
2022 1090 2169 1152 bien
2211 1090 2597 1154 determinee

239 1196 306 1250 et
354 1208 444 1255 un
491 1207 764 1267 courage
809 1206 1023 1249 esmeu
1073 1186 1264 1248 d'une
1307 1188 1638 1265 vigoreuse
1678 1187 1954 1266 passion.
2002 1188 2101 1247 Un
2145 1188 2455 1267 poignard
2504 1195 2597 1251 est

239 1286 386 1368 plus
428 1306 573 1348 seur
609 1305 775 1367 pour
815 1304 1090 1359 assener‚
1125 1285 1284 1346 mais
1323 1284 1611 1346 d’autant
1651 1284 1803 1365 qu'il
1844 1304 1883 1345 a
1924 1284 2188 1365 besoing
2226 1285 2301 1347 de
2338 1285 2481 1366 plus
2520 1287 2599 1348 de

238 1391 654 1447 mouvement
682 1383 846 1445 etde
870 1383 1137 1463 vigueur
1165 1383 1246 1443 de
1273 1384 1422 1444 bras
1446 1402 1569 1463 que
1598 1383 1700 1443 n’a
1726 1402 1810 1443 un
1841 1381 2197 1462 pistolet....
2231 1384 2249 1418 ¹
2286 1408 2315 1439 »

323 1486 528 1545 Tanta
565 1482 919 1544 reverentia
960 1482 1296 1543 Montanus
1334 1481 1614 1543 habebat
1654 1481 1913 1561 politica
1950 1480 2267 1555 instituta,
2309 1500 2489 1560 reges
2537 1489 2600 1544 et

238 1582 672 1661 magistratus,
723 1586 794 1641 ut
834 1598 964 1641 non
1009 1580 1286 1659 potuerit
1341 1599 1468 1642 non
1525 1579 1825 1641 dissidere
1878 1598 1916 1641 a
1962 1579 2254 1641 doctrina
2301 1578 2600 1641 seditiosa

239 1679 670 1761 tyrannicidii.
702 1680 1000 1740 Attamen
1025 1678 1090 1739 in
1120 1679 1255 1759 ejus
1285 1679 1532 1760 scriptis
1557 1678 1797 1759 aliquid
1822 1678 2058 1739 eminet
2086 1698 2164 1738 ex
2188 1678 2596 1759 antiquorum

239 1777 572 1840 sententiis
614 1777 925 1838 afflatum.
959 1778 1196 1857 Nempe
1235 1782 1426 1856 negat
1465 1795 1504 1838 a
1533 1776 1772 1839 Seneca
1810 1775 1974 1838 ultro
2009 1776 2105 1838 vel
2146 1775 2348 1837 libera
2385 1781 2597 1837 mente

238 1875 643 1955 improbatos
690 1892 822 1935 esse
866 1892 1208 1951 generosos
1253 1873 1397 1934 illos
1447 1872 1713 1935 Caesaris
1752 1872 2184 1935 interfectores
2227 1879 2289 1934 et
2333 1874 2598 1933 Brutum

237 1972 440 2035 habet
473 1971 770 2033 eximium
811 1971 1061 2032 virtutis
1103 1970 1430 2051 exemplar
1463 1971 1508 2033 ².
1551 1972 1786 2033 Verum
1825 1968 1991 2032 enim
2036 1970 2249 2032 Caesar
2276 1988 2391 2031 nec
2427 1969 2599 2049 prin-

236 2090 410 2151 ceps,
445 2088 563 2131 nec
594 2069 1000 2149 magistratus
1030 2068 1348 2148 legitimus
1376 2075 1534 2132 erat.

302 2280 348 2327 1.
386 2274 504 2325 Lib.
537 2276 603 2337 ll,
631 2290 679 2325 c.
709 2290 852 2325 xxm.

297 2350 347 2397 2.
382 2347 502 2397 Lib.
535 2346 603 2408 ΙΙ,
634 2361 681 2397 c.
713 2361 764 2395 x.
