3131 5145
1500 421 1821 486 ...82-

483 569 670 630 certe,
722 567 792 622 ut
848 560 954 639 qui
1012 577 1125 638 per
1180 557 1588 640 parricidium
1639 574 1904 633 regnum
1961 553 2284 634 ingressus
2335 559 2454 627 est,
2508 554 2586 615 de
2631 554 2856 615 eodem

486 664 744 740 propter
772 657 1175 736 parricidium
1206 656 1610 737 deJiceret-ur.
1649 679 1679 710 »

562 759 697 818 Huc
726 755 967 818 accedit
994 754 1165 834 quod
1198 754 1503 815 Henricus
1542 753 1795 825 tertius,
1828 756 1986 812 teste
2025 755 2087 810 et
2119 749 2336 830 judice
2382 750 2700 825 Buchero,
2733 751 2856 826 imss

484 854 623 935 pius
648 854 835 914 fuerit
862 853 1201 932 legumque
1233 852 1540 912 infractor
1577 857 1642 911 et
1678 855 2108 929 contemptor,
2155 855 2376 908 natam
2422 848 2544 908 sibi
2591 865 2855 929 rempu-

486 949 713 1012 blicam
735 948 1074 1028 putaverit,
1102 949 1447 1010 immodica
1469 948 1710 1008 tributa
1727 945 1996 1008 subditis
2015 946 2420 1026 imposuerit,
2445 945 2664 1008 aliena
2687 948 2864 1009 bona·

480 1047 835 1126 diripuerit,
860 1046 1171 1124 justitiam
1204 1047 1617 1126 oppresserit,
1651 1051 1770 1106 etc.

564 1146 764 1217 Quum
787 1142 1055 1224 jamjam
1083 1142 1413 1214 Bucherus
1440 1163 1602 1222 opus
1628 1142 2004 1204 absolvisset
2043 1148 2107 1203 et
2147 1142 2214 1202 in
2254 1161 2330 1204 eo
2366 1149 2532 1204 esset
2571 1149 2644 1204 ut
2689 1143 2856 1224 typis

488 1241 836 1314 mandaret,
866 1260 1007 1302 ecce
1038 1240 1341 1302 mirabilis
1370 1240 1559 1300 simul
1595 1259 1666 1300 ac
1699 1239 2021 1320 terribiliS,
2051 1241 2153 1302 die
2183 1240 2393 1319 prima
2420 1240 2714 1320 Augusti,
2743 1260 2855 1320 per

485 1340 915 1420 exploratores
960 1338 1219 1399 nuntius
1265 1337 1458 1411 venit,
1502 1338 1842 1400 Henricum
1879 1339 2137 1399 tertium
2181 1337 2244 1397 in
2291 1337 2502 1399 medio
2543 1339 2850 1412 exercitu,

485 1436 649 1497 inter
676 1436 915 1497 medias
953 1436 1329 1517 stipatorum
1364 1443 1672 1508 catervae,
1708 1434 1984 1514 gregarii
2024 1435 2354 1514 cujusdam
2396 1441 2460 1496 ct
2499 1437 2854 1515 contempti
2953 1495 2962 1502 ,

486 1535 561 1596 de
588 1533 715 1594 divi
744 1533 1051 1595 Dominici
1090 1533 1333 1594 familia
1368 1532 1695 1594 fraterculi
1733 1551 1927 1594 manu
1967 1551 2104 1605 esse
2144 1532 2573 1594 interfectum.
2609 1535 2852 1595 Nomen

488 1633 665 1693 fratri
690 1631 781 1692 illi
810 1631 1047 1694 Jacobo
1078 1632 1381 1692 Clementi
1408 1637 1565 1691 erat.
1603 1655 1632 1686 «
1667 1630 1888 1692 Mortis
1919 1637 2359 1712 contemptum
2394 1631 2568 1692 zelus
2613 1633 2848 1705 attulit,

486 1731 573 1792 ait
604 1729 946 1802 BucheruS,
968 1748 1110 1790 cum
1142 1747 1336 1790 unum
1362 1747 1426 1789 se
1448 1747 1582 1808 prae
1613 1728 1815 1790 oculis
1845 1728 2080 1790 habere
2114 1728 2350 1799 dicens,
2377 1735 2450 1790 ut
2473 1729 2760 1790 ecclesiae
2780 1750 2852 1791 ac

486 1828 709 1909 patriae
728 1846 947 1908 pacem
972 1827 1247 1900 afferret,
1270 1832 1337 1886 ut
1360 1826 1908 1888 truculentissimae
1929 1826 2144 1888 bestiae
2162 1827 2454 1888 faucibus
2476 1826 2851 1906 religionem

486 1926 783 2005 eriperet,
803 1925 864 1984 id
888 1925 1079 1985 etiam
1106 1923 1387 1999 adderet,
1413 1923 1612 1985 tutius
1643 1922 1762 1984 sibi
1787 1943 1921 1986 esse
1950 1924 2016 1985 in
2047 1925 2305 2003 egregio
2331 1931 2544 2005 coepto
2569 1926 2761 1999 mori,
2785 1933 2852 1986 ut

486 2023 834 2084 mercedem
868 2042 907 2082 a
932 2024 1062 2083 Deo
1092 2021 1227 2083 solo
1249 2021 1628 2083 tutissimam
1657 2023 1988 2101 reciperet,
2008 2041 2086 2083 ne
2103 2022 2152 2083 si
2175 2028 2495 2103 superstes
2512 2023 2704 2095 foret,
2725 2042 2852 2084 cer-

485 2125 659 2181 tante
686 2121 765 2181 de
790 2120 1055 2199 praemio
1081 2119 1139 2180 ei
1168 2117 1491 2181 reddendo
1522 2118 1725 2180 Gallia
1754 2119 2070 2194 universa,
2095 2119 2228 2198 ipse
2255 2119 2482 2180 mundi
2511 2120 2736 2181 favore
2757 2138 2850 2181 re-

485 2217 727 2278 solutus
757 2216 821 2277 in
852 2217 1199 2278 certissimo
1230 2216 1459 2277 animae
1488 2235 1619 2278 suae
1656 2217 1936 2297 periculo
1967 2223 2348 2278 versaretur.
2379 2219 2660 2278 Tantum
2693 2218 2760 2277 id
2787 2237 2848 2278 se

484 2320 695 2394 petere
714 2333 747 2374 a
769 2316 921 2386 Deo,
942 2320 1010 2374 ut
1034 2313 1333 2375 citissima
1356 2319 1584 2388 morte,
1605 2320 1860 2394 patrato
1882 2333 2098 2376 recens
2118 2313 2400 2376 facinore
2428 2321 2790 2376 necaretur.
2818 2340 2846 2370 »

563 2414 763 2484 Quam
793 2411 1029 2472 caedem
1064 2411 1447 2472 documento
1478 2411 1844 2491 praemonet'
1863 2417 1926 2473 et
1954 2411 2186 2473 indicio
2221 2411 2358 2473 fore
2395 2412 2666 2473 Navarri
2707 2414 2846 2474 fau-

496 2510 762 2585 toribuS,
795 2527 952 2590 quos
982 2511 1079 2570 his
1108 2507 1317 2570 verbis
1345 2508 1697 2591 alloquitur
1731 2527 1746 2571 ε

771 2692 799 2721 κ
831 2670 1039 2726 Discite
1062 2670 1343 2743 justitiam
1375 2670 1611 2737 moniti,
1645 2676 1702 2726 et
1732 2688 1849 2728 non
1876 2676 2138 2746 temnere
2171 2672 2362 2727 Divos·

563 2844 687 2903 Vos
716 2841 971 2915 scilicet,
1002 2841 1114 2921 qui
1144 2847 1485 2923 tyrannum
1511 2841 1816 2919 coluistiS,
1849 2842 1958 2921 qui
1988 2843 2247 2904 alterius
2287 2845 2543 2905 Henrici
2579 2847 2852 2907 anathe-

483 2940 671 3001 matis
694 2939 993 3019 reliquias
1018 2939 1366 3011 sectamini,
1398 2939 1616 3000 discite
1639 2940 1794 3018 quid
1813 2940 1893 3001 sit
1911 2940 2092 3003 illud.
2119 2941 2277 3014 Quid
2309 2942 2478 3003 enim
2505 2945 2851 3007 anathema

484 3037 755 3099 alterum
812 3042 1145 3115 sectanteS‚
1200 3036 1329 3099 hoc
1370 3036 1638 3097 terribili
1683 3038 1892 3099 edocti
1938 3039 2257 3119 exemplo,
2305 3040 2370 3099 in
2417 3041 2848 3103 voluntarium

484 3137 797 3199 excidium
829 3136 1046 3197 ruitis?
1074 3138 1151 3197 Et
1181 3136 1525 3217 relapsum,
1554 3136 1945 3211 haereticum,
1977 3144 2070 3199 tot
2098 3137 2440 3199 sceleribus
2472 3159 2545 3201 ac
2572 3142 2845 3201 crudeli-

488 3236 721 3296 tatibus
758 3235 1069 3313 insignem
1112 3233 1471 3296 sustinetis?
1510 3236 1588 3295 Et
1626 3234 1913 3297 strictum
1954 3236 2016 3296 in
2057 3255 2172 3297 vos
2211 3236 2522 3315 gladium,
2570 3240 2682 3318 qui
2722 3247 2846 3300 tam

485 3333 845 3395 terribiliter
866 3341 1057 3414 caput
1079 3338 1354 3394 vestrum
1382 3332 1743 3408 demessuit,
1775 3351 1900 3394 non
1931 3334 2209 3395 timetis?
2235 3334 2487 3397 Scilicet
2513 3335 2848 3398 haereticus

486 3431 807 3492 Gallorum
837 3450 946 3493 rex
976 3431 1116 3508 erit,
1152 3431 1355 3510 qualis
1388 3449 1793 3511 perseverare
1823 3449 1937 3492 nec
1967 3431 2303 3512 hypocrita
2343 3433 2595 3514 potuit?
2623 3436 2702 3495 Et
2736 3452 2848 3495 nos

485 3530 594 3609 qui
616 3548 733 3591 nec
757 3529 1078 3609 impurum
1100 3528 1407 3590 sustinere
1430 3529 1774 3607 potuimuS‚
1801 3537 2164 3590 execratum
2195 3530 2383 3591 istum
2411 3533 2849 3594 assumemus?

488 3630 644 3688 Num
677 3628 885 3706 potius
916 3625 1321 3688 acerbissima
1350 3632 1555 3687 morte
1585 3626 1814 3688 millies
1843 3629 2236 3689 moriamur?
2271 3654 2300 3685 »

565 3725 747 3787 Haud
795 3724 996 3786 multo
1045 3731 1189 3805 post
1235 3724 1501 3786 Bucheri
1538 3724 1772 3785 librum
1811 3725 1902 3787 De
1937 3727 2117 3807 justa
2157 3724 2426 3788 Henrici
2463 3729 2638 3791 tertii
2676 3728 2845 3789 abdi-

488 3826 747 3897 catione,
780 3822 1014 3904 prodiit
1050 3823 1114 3883 in
1150 3823 1375 3903 vulgus
1413 3822 1576 3884 liber
1617 3823 1777 3885 alter
1813 3824 1922 3903 qui
1969 3825 2198 3885 mirum
2243 3826 2308 3885 in
2358 3827 2621 3887 modum
2673 3827 2844 3887 simi-

488 3924 814 3985 litudinem
860 3922 1087 4003 prioris
1136 3922 1472 3995 referebat,
1515 3920 1634 3981 sub
1681 3921 1803 3982 hoc
1853 3922 2039 3984 titulo
2083 3940 2099 3984 ε
2141 3923 2216 3983 de
2260 3923 2441 3985 ,Iusta
2484 3924 2847 4007 reipublica²

488 4020 838 4081 christianae
886 4021 950 4079 in
992 4039 1165 4100 reyes
1210 4019 1424 4100 impios
1470 4029 1524 4080 et
1574 4018 1886 4081 ltaeretieos
1935 4020 2344 4095 authoritate,
2377 4021 2849 4104 justissimaque

488 4118 923 4179 catholicorum
962 4118 1046 4179 ad
1081 4117 1415 4179 Henricum
1456 4116 1867 4179 Navarraeum
1912 4128 1967 4179 et
2012 4138 2447 4201 quemcumque
2489 4119 2845 4183 haereticum

486 4236 527 4291 q
555 4236 743 4297 reqno
776 4214 994 4277 Galliae
1018 4214 1433 4297 repellendum
1462 4200 1980 4295 confoederatione
2009 4219 2052 4298 ξ.

551 4406 596 4451 1.
630 4402 868 4462 Parisii8‚
898 4401 1042 4465 apud
1073 4400 1415 4452 Guillelmum
1447 4402 1785 4465 Bichonium,
1815 4402 1898 4451 via
1927 4402 2191 4461 sacoma,
2221 4402 2364 4451 1590.
