3131 5145
1023 1283 1334 1359 CAPUT
1385 1281 1899 1358 SECUNDUM

275 1599 366 1648 DE
427 1595 904 1646 TYRANNICIDIO
985 1596 1146 1656 QUID
1208 1596 1565 1645 SENSERINT
1626 1594 1907 1661 HEBRAEI‚
1977 1592 2165 1641 PRIMI
2225 1590 2632 1640 CHRISTIANAE

673 1703 999 1753 ECCLESIAE
1049 1703 1301 1752 PATRES
1354 1704 1434 1752 ET
1482 1700 1822 1752 THEOLOGI
1873 1700 2062 1750 MEDII
2117 1699 2240 1747 AEvl

365 1967 917 2038 Quemadmodum
947 1965 1173 2027 decimi
1203 1965 1364 2026 sexti
1401 1963 1595 2025 seculi
1630 1963 1969 2042 scriptores
2008 1959 2315 2040 plurimas
2352 1963 2635 2019 veterum

281 2071 468 2125 notas
508 2066 811 2138 referunt,
847 2070 910 2125 et
943 2064 1203 2125 affectus
1233 2080 1573 2142 sensusque
1613 2061 1926 2122 defunetae
1962 2058 2167 2119 aetatis
2196 2075 2427 2118 novam
2459 2053 2640 2134 quasi

235 2237 240 2240 Ι
281 2162 366 2223 ad
422 2162 618 2222 vitam
669 2167 986 2236 revocant,
1032 2161 1183 2222 dum
1234 2157 1688 2222 Renovationis
1735 2157 1933 2219 virtus
1978 2155 2311 2216 hominum
2361 2158 2637 2213 mentem

280 2258 616 2339 disciplina
646 2261 1055 2338 antiquorum
1088 2258 1363 2319 instituit
1380 2257 1562 2338 quasi
1586 2255 1893 2318 suscitans
1924 2259 1987 2316 et
2010 2253 2087 2314 ad
2113 2252 2314 2312 lucem
2348 2249 2640 2328 redigens

282 2355 596 2436 quidquid
640 2355 1058 2434 cogitaverint
1101 2356 1178 2416 de
1227 2356 1480 2416 civitate
1527 2361 1591 2416 et
1636 2355 1715 2414 de
1763 2352 2010 2429 litteris,
2059 2350 2149 2411 ita
2196 2347 2411 2409 multis
2448 2346 2637 2408 rebus

284 2453 739 2515 Renovationis
771 2472 976 2514 aevum
1018 2453 1098 2514 ab
1135 2451 1246 2514 illo
1278 2453 1541 2530 antiquo
1570 2451 1848 2530 graviter
1880 2437 2202 2527 discrepat
2233 2465 2390 2527 quas
2414 2451 2635 2507 notare

282 2557 344 2613 et
379 2551 746 2613 summatim
789 2550 1098 2631 attingere
1136 2570 1347 2633 operae
1389 2550 1663 2631 pretium
1706 2555 1821 2611 est.
1865 2550 2013 2609 Hoec
2056 2546 2287 2628 quibus
2330 2545 2409 2606 ab
2450 2549 2637 2605 oetate

282 2648 554 2729 pristi'na
583 2650 898 2731 posterior
933 2649 1317 2729 disjungitur
1353 2650 1670 2730 praecipue
1710 2667 1748 2708 a
1781 2646 2083 2725 religione
2112 2644 2425 2716 oriuntur,
2460 2642 2639 2720 cujus

283 2747 376 2807 vis
407 2747 568 2809 adeo
598 2747 842 2827 pollens
868 2746 987 2808 fuit
1031 2752 1100 2807 ut
1135 2747 1324 2828 plane
1362 2765 1594 2809 novam
1639 2745 2004 2809 societatem
2049 2744 2115 2803 in
2156 2740 2384 2803 veteris
2430 2739 2655 2801 locum·

283 2846 688 2933 suggesserit.

361 2942 549 3023 Apud
594 2945 842 3004 Graecos
887 2950 949 3005 et
995 2946 1314 3005 Romanos
1353 2941 1843 3023 tyrannicidium
1884 2947 2131 3001 tantum
2182 2937 2262 2997 ad
2303 2954 2435 2996 rem
2478 2932 2639 3013 poli-

285 3038 472 3101 ticam
506 3046 571 3100 et
600 3059 808 3101 mores
838 3042 1150 3121 pertinet:
1178 3042 1345 3121 apud
1379 3040 1756 3101 recentiores
1785 3056 1934 3099 vero
1966 3037 2045 3099 ad
2076 3034 2443 3115 religionem
2477 3049 2639 3112 prae-

284 3139 523 3201 sertim.
575 3140 662 3199 De
712 3139 1014 3219 religione
1059 3140 1502 3201 controversiae
1549 3138 1876 3219 proprium
1921 3143 1984 3199 et
2025 3134 2342 3216 peculiare
2385 3131 2635 3211 signum

283 3236 664 3317 imprimunt
691 3236 1074 3299 turbulentae
1101 3238 1193 3299 illi
1225 3239 1397 3300 aetati
1426 3245 1490 3299 et
1517 3238 1607 3298 ita
1634 3256 1777 3299 cum
1812 3234 2097 3297 civilibus
2126 3228 2659 3295 contentionibus.

285 3340 456 3395 arcte
478 3335 925 3396 consociantur
943 3342 1014 3397 ut
1033 3336 1291 3397 difficile
1313 3336 1589 3415 disjungi
1610 3334 1873 3415 possint.
1894 3336 1945 3393 A
1966 3332 2267 3409 religione
2290 3327 2502 3390 civiles
2516 3326 2641 3387 fac-

284 3432 488 3493 tiones
526 3440 928 3511 argumenta‚
977 3452 1180 3508 arma,
1219 3433 1609 3511 nominaque
1649 3431 1769 3493 sibi
1802 3431 2142 3493 desumunt
2179 3450 2192 3488 :
2236 3429 2384 3487 hinc
2421 3426 2639 3487 Refor-

247 3530 463 3605 -mati‚
513 3530 858 3607 Hugonoti,
905 3529 1280 3604 Calviniani,
1316 3529 1695 3604 Lutherani3
1742 3528 1915 3589 illinc
1954 3525 2285 3603 Catholici,
2326 3520 2636 3603 Henotici,

283 3632 520 3687 sanctae
551 3626 816 3687 Unionis
845 3628 1149 3690 fautores,
1177 3628 1278 3690 Illi
1311 3628 1503 3689 etiam
1533 3628 1642 3708 qui
1668 3628 1745 3688 ad
1780 3632 2070 3687 neutram
2098 3630 2342 3705 partem
2376 3642 2439 3683 se
2469 3622 2641 3683 incli-

282 3740 434 3783 nare
483 3724 865 3803 profitentur
911 3726 1168 3805 sibique
1203 3726 1614 3788 Politicorum
1659 3744 1893 3787 nomen
1934 3722 2337 3805 praetendunt
2378 3720 2638 3781 maximi

285 3821 594 3883 momenti
643 3822 958 3883 aestimare
1013 3823 1384 3901 religionem
1433 3831 1770 3904 eoguntur,
1823 3841 2089 3902 eamque
2145 3820 2313 3881 inter
2359 3818 2640 3879 maxima

281 3936 706 3980 annumerare
749 3920 1010 4001 ejusque
1055 3920 1182 3981 vim
1223 3940 1477 4001 semper
1515 3921 1748 3983 subire.
1791 3921 1925 3991 Quo
1964 3919 2035 3980 fit
2072 3925 2138 3980 ut
2178 3915 2429 3977 habitus
2469 3915 2637 3996 apud

239 4063 246 4066 -
283 4015 580 4095 antiquos
597 4034 808 4077 rerum
830 4016 1112 4079 civilium
1139 4038 1380 4097 sensuS,
1409 4038 1534 4099 quo
1556 4018 1781 4081 imbuti
1808 4019 1986 4078 fuere
2004 4016 2208 4089 Plato,
2247 4011 2630 4087 AristoteleS‚

285 4111 526 4173 Tullius
555 4118 621 4173 et
657 4114 892 4187 Livius,
936 4134 1062 4195 quo
1105 4122 1329 4196 postea
1365 4116 1833 4195 Machiavellus,
1877 4113 2060 4175 nobis
2101 4131 2139 4173 a
2178 4129 2353 4173 mera
2392 4110 2636 4172 ratione

282 4213 346 4268 et
369 4209 779 4290 philosophia
803 4212 956 4273 oriri
984 4212 1273 4274 videatur
1285 4232 1303 4291 3
1336 4232 1481 4275 eum
1523 4214 1779 4294 quidem
1817 4212 1883 4273 in
1920 4212 2123 4272 lucem
2166 4212 2395 4271 iterum
2428 4208 2639 4289 prodit

287 4308 659 4383 RenovatiO,
692 4309 803 4370 sed
841 4310 1058 4391 adjicit
1100 4312 1358 4391 insuper
1397 4312 1818 4374 sacerdotales
1857 4310 2177 4372 doctrinas
2215 4314 2278 4370 et
2315 4306 2638 4387 religionis

284 4405 755 4484 auctoritatem,
798 4427 939 4487 quae
981 4428 1056 4471 ex
1104 4410 1295 4471 sacris
1339 4410 1666 4491 scripturis
1706 4410 1907 4472 oritur
1944 4416 2006 4468 et
2044 4406 2345 4468 doctrinis
2385 4402 2634 4467 theolo-
