3131 5145
1113 1294 1424 1369 CAPUT
1477 1292 1861 1367 SEXTUM

874 1558 880 1562 ”
917 1591 1001 1640 ns
1059 1588 1527 1639 TYRANlemo
1581 1590 1757 1641 Aron
1808 1589 2062 1639 POETAS

391 1834 585 1907 Quasi
613 1834 740 1896 duo
773 1840 988 1915 gentes
1016 1835 1083 1895 in
1123 1835 1406 1915 ejusdem
1445 1835 1665 1916 patriae
1706 1835 1937 1897 finibus
1976 1836 2297 1897 acerrimis
2347 1837 2661 1899 instinctas

312 1932 477 1994 odiis
529 1930 827 1993 catholici
865 1938 926 1993 et
972 1938 1399 2012 protestantes
1451 1931 1887 2007 versabantur,
1943 1933 2102 1995 illud
2154 1935 2404 1996 tan'tum
2452 1936 2663 1997 animo

315 2027 522 2092 moliti
553 2028 786 2109 quibus
823 2030 1027 2093 modis
1058 2036 1278 2110 aperto
1311 2048 1556 2091 caecove
1582 2030 1753 2091 bello
1793 2031 2260 2112 opprimeretur
2288 2031 2515 2106 hostis;
2552 2051 2669 2112 par

314 2128 616 2208 utrinque
660 2126 1062 2189 contumacia
1105 2135 1166 2189 et
1216 2127 1623 2207 impotentia3
1678 2128 1916 2207 pariter
1954 2130 2202 2211 utrique
2240 2130 2539 2211 propensi
2590 2130 2668 2191 ad

315 2225 445 2288 vim
478 2224 881 2287 inserandam
910 2231 979 2286 ut
1009 2225 1256 2287 hostem
1289 2230 1704 2303 protererent.

396 2323 559 2397 Quid
612 2323 888 2385 deterius
933 2330 997 2385 et
1051 2326 1328 2385 atrocius
1386 2324 1624 2385 exstitit
1690 2342 1970 2405 unquam
2029 2344 2223 2407 quam
2269 2327 2516 2387 famosa
2564 2325 2671 2386 illa

315 2422 572 2483 laniena
611 2441 753 2502 quae
799 2422 897 2481 die
936 2420 1536 2484 Sanbartholomaea
1570 2420 1703 2481 vias
1748 2421 2009 2482 Lutetiae
2050 2428 2239 2484 noctu
2276 2424 2671 2485 cruentavit?

313 2520 408 2581 Ad
457 2538 652 2601 quam
705 2518 846 2581 illos
889 2519 1073 2583 Statii
1111 2518 1365 2600 Papinii
1403 2538 1618 2580 versus
1668 2518 1733 2580 in
1776 2519 2014 2600 dispari
2052 2539 2119 2583 re
2166 2521 2669 2584 accommodavit

315 2617 518 2680 nobili
546 2626 758 2680 motus
786 2617 1220 2696 indignatione
1249 2617 1512 2678 Michael
1546 2618 1933 2698 Hospitalius
1970 2638 1984 2680 :

607 2796 842 2852 Excidat
865 2796 962 2852 illa
993 2795 1112 2850 dies
1141 2769 1286 2863 aev0‚
1321 2811 1426 2850 nec
1455 2801 1697 2867 postera
1725 2797 1965 2852 credant

610 2877 814 2934 Secula
839 2893 853 2930 ε
887 2893 992 2932 nos
1021 2881 1176 2931 certe
1201 2879 1516 2944 taceamuS,
1549 2879 1609 2931 et
1639 2877 1851 2930 obruta
1880 2876 2061 2930 multa

607 2957 782 3011 Nocte
811 2956 930 3028 tegi
958 2955 1206 3028 propriae
1237 2955 1529 3027 patiamur
1557 2955 1805 3010 crimina
1835 2955 2041 3028 gentis·

393 3134 766 3196 Doctrinam
800 3133 1322 3214 Machiavellique
1356 3139 1677 3214 praecepta
1712 3133 2055 3196 catharina
2092 3133 2369 3194 Medicea
2406 3117 2670 3196 Floren-

319 3235 454 3295 tino
481 3251 714 3311 genere
743 3235 1017 3312 suscepit
1046 3232 1110 3292 in
1140 3232 1385 3293 facinus
1418 3231 1530 3292 illa
1560 3233 1659 3292 die
1702 3232 2023 3292 vertenda.
2062 3233 2491 3293 Protestantes
2520 3233 2673 3293 illud

307 3351 450 3406 ‚non
500 3331 662 3409 sugit
709 3337 770 3391 et
812 3348 1033 3391 eorum
1086 3330 1423 3410 scriptores
1483 3337 1700 3408 postea
1748 3329 2126 3390 invehentur
2169 3330 2234 3389 in
2283 3329 2673 3390 Machiavelli

321 3429 638 3490 rationem
670 3428 996 3508 politicam
1027 3427 1474 3509 regiorumque
1498 3428 1635 3507 ejus
1664 3426 2137 3507 discipulorum.

403 3525 571 3585 Illud
616 3532 947 3586 cruentum
1005 3523 1250 3586 facinus
1295 3525 1550 3604 publica
1601 3525 1662 3585 vi
1726 3530 2153 3604 perpetratum
2208 3524 2673 3606 saevissimeque

321 3628 557 3684 vexata
595 3622 916 3700 religionis
973 3621 1328 3702 proprietas
1387 3621 1640 3683 aculeos
1688 3621 1866 3682 iratis
1917 3621 2403 3700 protestantium
2448 3623 2674 3683 animis

319 3718 604 3782 subdidit
649 3725 712 3780 et
760 3719 841 3780 ad
889 3719 1373 3798 repugnandum
1421 3720 1726 3781 incitavit.
1782 3718 2023 3781 Scelere
2067 3718 2235 3778 enim
2282 3726 2346 3780 et
2398 3720 2675 3780 caedibus

321 3818 617 3878 homines
651 3817 858 3897 possis
891 3817 1250 3896 opprimere
1285 3833 1299 3877 :
1335 3817 1440 3878 sed
1474 3818 1553 3877 ab
1583 3815 1756 3879 omni
1783 3815 2080 3877 violentia
2104 3822 2165 3876 et
2190 3835 2229 3876 a
2260 3834 2409 3877 nece
2440 3818 2505 3876 in
2539 3823 2673 3878 tuto

320 3921 470 3976 sunt
507 3920 578 3975 ut
615 3913 840 3974 intima
880 3915 1106 3974 mentis
1145 3920 1452 3994 concepta
1489 3915 1577 3976 sic
1612 3913 1937 3975 factiones
1975 3911 2067 3971 Ab
2107 3911 2215 3972 illa
2255 3912 2353 3973 die
2389 3914 2671 3976 Sanbar-

322 4011 694 4082 tholomaea‚
730 4011 908 4090 quasi
948 4011 1127 4088 signo
1160 4013 1329 4084 dato,
1375 4011 1633 4072 effusius
1671 4015 2014 4090 eruperunt
2049 4007 2243 4069 libelli
2273 4009 2580 4084 vindices3
2612 4017 2674 4072 et

325 4108 564 4170 bellum
617 4114 804 4169 acuto
845 4108 1090 4169 calamo
1132 4108 1301 4169 haud
1333 4107 1536 4170 minus
1580 4126 1771 4188 quam
1825 4105 2082 4167 infensis
2122 4105 2314 4166 armis
2363 4107 2671 4186 agitatum

323 4213 437 4270 est.
1161 4267 1168 4272 .

261 4374 271 4382 ‚
360 4287 369 4323 '¹
403 4305 486 4364 Ut
533 4301 986 4380 Burdigalense
1037 4301 1348 4362 excidium
1389 4301 1695 4383 Stephani
1743 4301 2028 4364 Boetiani
2076 4301 2359 4363 libellum
2408 4301 2479 4362 de
2523 4301 2673 4364 Ser-

321 4401 516 4462 vitute
559 4409 897 4482 spontanea
928 4398 1318 4460 liberaliores
1355 4419 1573 4460 sensus
1604 4401 1947 4479 spirantem
1979 4405 2361 4474 excusserat,
2399 4399 2488 4460 ita
2517 4402 2669 4461 San-
