3131 5145
1544 423 1865 485 -56-

524 556 881 617 admittitur
926 556 1233 635 exceptiO,
1278 556 1453 633 cujus
1502 558 1728 618 virtute
1771 558 1854 617 ad
1895 564 2236 636 tyrannum
2288 558 2664 620 caedendum
2709 580 2868 641 saepe

520 654 769 733 gladius
797 644 1117 737 educetur,
1154 678 1183 710 «
1216 656 1305 714 Ex
1335 654 1571 715 foedere
1600 655 1767 716 inter
1793 657 1992 717 Deum
2034 662 2096 717 et
2135 656 2500 716 universum
2542 660 2866 738 populum,

519 759 587 813 ut
634 753 714 813 sit
761 752 1031 831 populus
1069 752 1204 829 Dei,
1245 751 1477 829 singuli
1517 772 1646 814 non
1686 759 2001 814 tenentur.
2055 754 2134 813 Ut
2181 753 2348 831 enim
2397 756 2571 834 quod
2621 756 2870 817 univer-

516 851 687 911 sitati
724 850 1008 923 debetur,
1042 850 1306 929 singulis
1343 869 1472 910 non
1518 850 1784 911 debetur
1817 870 1831 913 :
1864 852 1955 912 ita
2004 870 2118 911 nec
2167 852 2334 929 quod
2381 852 2570 913 debet
2621 854 2867 915 univer-

518 948 691 1025 sitaS,
720 947 949 1025 singuli
988 947 1217 1007 debent
1225 992 1346 1009 .....
1384 945 1622 1008 Privati
1661 967 1788 1008 non
1823 948 2062 1008 habent
2109 954 2513 1027 potestatem,
2547 969 2677 1011 non
2725 952 2862 1011 fun-

520 1052 754 1125 guntur
804 1046 1195 1124 magistratu,
1236 1064 1365 1106 non
1413 1044 1653 1106 habent
1697 1046 2058 1127 imperium,
2103 1066 2231 1107 non
2268 1046 2470 1107 ullum
2504 1048 2614 1127 jus
2648 1049 2859 1129 gladii.

519 1147 761 1225 ltaque,
796 1151 865 1205 ut
890 1144 1166 1222 gladium
1200 1144 1461 1224 privatis
1491 1164 1621 1205 non
1652 1144 1912 1205 tradidit
1940 1146 2104 1205 Deus
2137 1162 2150 1205 :
2186 1145 2276 1205 ita
2305 1164 2420 1206 nec
2457 1165 2638 1206 usum
2673 1147 2865 1226 gladii

520 1244 599 1303 ab
641 1243 715 1303 iis
765 1243 1111 1323 reposcit...
1162 1244 1327 1319 Ergo
1373 1241 1611 1302 nemini
1671 1243 1916 1322 privato
1966 1241 2176 1303 licebit
2227 1244 2418 1304 armis
2467 1244 2779 1306 resistere.
2832 1270 2862 1303 »

514 1341 667 1401 Inde
726 1340 927 1400 oritur
973 1340 1144 1419 quod
1190 1340 1423 1419 excipit
1466 1346 1685 1400 noster
1725 1358 1738 1399 ε
1783 1340 1919 1399 fieri
1966 1346 2172 1418 potest
2219 1346 2289 1399 ut
2337 1341 2502 1401 Deus
2547 1342 2862 1420 privatum

515 1436 855 1517 quemdam
886 1436 1139 1496 suscitet
1166 1444 1228 1497 et
1253 1436 1539 1497 instituat
1570 1436 1826 1497 ultionis
1857 1456 1984 1496 suae
2012 1436 2392 1509 ministrum,
2425 1438 2596 1517 quod
2639 1440 2864 1519 saepius

513 1535 577 1595 in
627 1537 846 1595 Vetere
897 1536 1298 1594 Testamento
1348 1534 1579 1596 evenit.
1629 1535 1803 1606 Quod
1851 1534 2139 1613 quamvis
2187 1540 2443 1595 cautum
2493 1544 2554 1596 et
2614 1538 2862 1616 parcius

514 1632 818 1705 enuntiet,
852 1631 1263 1693 nihilominus
1302 1631 1615 1693 lubricum
1659 1638 1754 1693 est
1787 1652 1799 1689 :
1841 1656 1869 1687 «
1912 1632 2072 1703 Quid
2111 1650 2261 1710 ergo
2309 1632 2383 1693 de
2424 1634 2592 1693 Mose
2633 1640 2860 1695 statue-

512 1748 751 1801 musw.
801 1729 877 1789 de
922 1728 1200 1802 Ehod‚...
1254 1728 1331 1788 de
1377 1726 1616 1790 Jehu...
1659 1729 1753 1788 An
1803 1748 1928 1789 non
1977 1735 2156 1789 erant
2199 1727 2291 1787 illi
2336 1748 2553 1789 omnes
2597 1731 2860 1809 privati?

512 1828 689 1888 Certe
718 1826 773 1886 si
806 1826 975 1905 ipsos
1016 1845 1129 1905 per
1164 1845 1229 1885 se
1260 1833 1530 1905 spectes3
1567 1826 1717 1904 quia
1757 1826 2073 1887 ordinarie
2113 1827 2436 1887 constituti
2481 1847 2609 1888 non
2655 1836 2852 1902 erant,

512 1924 797 2003 privatos
834 1924 1037 1983 dicere
1079 1942 1293 2001 queas.
1328 1924 1407 1983 At
1446 1942 1521 1984 ex
1564 1942 1691 2003 quo
1738 1930 1917 1984 extra
1963 1924 2246 1985 ordinem
2296 1930 2553 1986 vocatos
2601 1927 2851 2001 scimuS,

507 2022 643 2101 ipso
671 2021 848 2099 quasi
878 2023 1029 2093 De0,
1064 2038 1176 2080 suo
1210 2019 1350 2079 illos
1376 2018 1588 2097 gladio
1617 2019 1938 2081 evidenter
1963 2021 2310 2099 accingere,
2343 2040 2470 2081 non
2502 2023 2692 2084 modo
2735 2024 2854 2103 pri·-

506 2126 685 2207 vatos
720 2136 847 2179 non
886 2118 1301 2189 censebimuS,
1339 2135 1554 2178 verum
1600 2116 1924 2197 quibusvis
1956 2118 2290 2179 ordinariis
2335 2120 2634 2197 potioreS.
2672 2122 2852 2183 Mosis

504 2215 751 2277 vocatio
800 2221 863 2275 et
906 2234 1200 2295 expresso
1251 2214 1360 2274 Dei
1408 2215 1623 2291 verbo,
1676 2220 1739 2275 et
1785 2216 1978 2293 signis
2031 2216 2513 2277 evidentissimis
2566 2236 2848 2298 compro-

506 2314 693 2374 batur
699 2360 819 2375 .....
860 2336 890 2368 >>
2451 2387 2456 2395 .

582 2411 877 2472 Tertiam
904 2428 1052 2471 vero
1098 2410 1511 2489 quaestionem
1560 2409 1877 2471 Hubertus
1928 2412 2285 2489 Languetus
2331 2412 2531 2472 fusius
2578 2412 2848 2493 explieat

501 2509 563 2568 in
603 2508 833 2586 -ultpima
887 2507 1029 2567 libri
1078 2514 1255 2587 parte
1313 2508 1499 2584 longe
1550 2508 1830 2569 maxima
1882 2527 1896 2569 ε
1951 2528 2031 2569 an
2097 2516 2161 2570 et
2215 2517 2528 2591 quatenus
2579 2512 2844 2592 principi

501 2606 955 2687 rempublicam
993 2613 1102 2666 aut
1142 2606 1545 2686 opprimenti,
1584 2613 1695 2666 aut
1734 2607 2043 2686 perdenti,
2087 2608 2373 2670 resistere
2408 2609 2616 2669 liceat.
2665 2611 2843 2682 Item,

498 2706 725 2785 quibus
756 2705 842 2778 id,
873 2712 935 2765 et
960 2704 1281 2784 quomodo
1310 2711 1370 2764 et
1401 2704 1692 2784 quojure
1723 2706 2097 2784 permissum
2129 2706 2230 2767 sit.

574 2804 668 2864 Ab
702 2804 821 2864 hoc
851 2802 1177 2863 exorditur
1208 2801 1539 2882 principio,
1568 2802 1838 2881 jamjam
1881 2802 1959 2862 ab
1998 2805 2356 2864 Hotomano
2396 2804 2627 2884 posito,
2661 2824 2700 2866 a
2741 2823 2842 2884 po-

495 2903 644 2981 pulo
686 2921 862 2981 reges
910 2907 1155 2962 creatos
1190 2919 1345 2962 esse.
1384 2924 1413 2956 «
1448 2899 1718 2961 Omnino
1763 2919 1908 2960 cum
1939 2919 2127 2961 nemo
2160 2921 2270 2961 rex
2301 2907 2622 2976 nascatur,
2659 2922 2842 2963 nemo

495 3019 608 3078 per
644 3019 707 3059 se
749 3019 856 3060 rex
888 3018 1043 3074 esse,
1078 3016 1263 3060 nemo
1287 2997 1526 3078 absque
1552 2996 1794 3076 populo
1826 3017 2090 3077 regnare
2121 2999 2347 3077 possit;
2383 2999 2656 3079 populus
2695 3019 2840 3062 vero

494 3105 714 3157 contra
746 3104 807 3158 et
831 3117 945 3178 per
974 3117 1037 3157 se
1066 3114 1199 3157 esse
1231 3101 1443 3175 queat,
1469 3102 1532 3156 et
1554 3114 1701 3174 rege
1732 3095 1909 3176 prior
1941 3102 2224 3174 tempore
2253 3097 2334 3156 sit
2366 3113 2382 3156 ε
2417 3115 2596 3175 reges
2625 3116 2840 3159 omnes

494 3213 530 3254 a
566 3194 800 3274 populo
836 3195 1110 3275 primum
1158 3195 1533 3255 constitutos
1577 3195 1787 3266 fuisse,
1831 3194 2173 3254 certissime
2211 3201 2562 3258 constat....
2604 3196 2837 3257 Deinde

490 3311 667 3371 reges
686 3292 901 3373 populi
920 3312 1111 3354 causa
1130 3292 1448 3352 institutos
1467 3297 1736 3352 constat.
1764 3291 1947 3351 Ratio
1973 3310 2124 3352 vero
2143 3292 2445 3370 postulat,
2472 3292 2635 3367 utis,
2664 3293 2838 3372 cujus

486 3390 729 3451 ratione
762 3391 920 3450 alius
948 3390 1175 3464 extitit,
1200 3390 1420 3450 eodem
1458 3388 1669 3467 potior
1697 3394 2128 3474 censeatur....
2162 3390 2477 3449 Praeterea
2505 3390 2724 3451 vivunt
2753 3393 2839 3450 in-

486 3489 732 3548 numeri
758 3481 975 3568 populi
997 3490 1233 3568 absque
1258 3506 1441 3565 rege:
1468 3505 1677 3563 regem
1701 3487 1934 3565 absque
1957 3486 2217 3566 populo,
2244 3505 2320 3547 ne
2344 3494 2555 3547 mente
2582 3487 2831 3568 quidem

482 3585 817 3664 concipere
836 3588 1057 3665 poesie.
1097 3611 1127 3641 »

563 3678 850 3740 Ceterum
879 3680 1034 3740 illud
1063 3681 1325 3741 resumit
1347 3680 1703 3759 iterumque
1727 3687 2090 3759 pertrectat,
2112 3680 2283 3759 quod
2296 3680 2434 3759 jam
2464 3681 2532 3739 in
2561 3680 2834 3742 secunda

479 3776 825 3857 quaestione
856 3785 1304 3857 usurpaverat:
1334 3775 1612 3856 populus
1643 3777 1970 3837 universus
2003 3783 2492 3857 repraesentatur
2517 3795 2630 3856 per
2658 3778 2834 3854 regni

478 3874 817 3936 officiarios
847 3875 1160 3937 ordinarie
1187 3895 1301 3955 per
1326 3874 1628 3936 ordinum
1667 3881 2012 3937 conventus
2037 3881 2219 3937 extra
2248 3875 2559 3952 ordinem,
2593 3881 2703 3936 aut
2733 3893 2838 3935 an·

478 3974 747 4033 nuatim.
828 3959 833 3968 ’

554 4071 648 4128 An
693 4071 1082 4150 praescriptio
1130 4069 1379 4132 obstet?
1423 4069 1543 4131 Sed
1585 4069 1764 4129 nulla
1801 4089 1932 4130 esse
1966 4075 2172 4148 potest
2209 4068 2276 4131 in
2315 4068 2628 4149 populum
2668 4089 2836 4150 prae-

466 4167 746 4248 scriptio.
777 4191 806 4223 «
830 4169 1172 4246 vulgatum
1201 4174 1315 4243 est,
1338 4167 1582 4228 nullam
1616 4168 1770 4228 fisco
1794 4168 2320 4248 proscriptionem
2349 4185 2607 4241 nocere;
2631 4169 2833 4246 multo

466 4283 611 4325 vero
644 4265 895 4326 animus
925 4267 1163 4347 populo
1198 4266 1517 4340 universo,
1552 4265 1663 4343 qui
1706 4283 1853 4343 rege
1883 4265 2096 4345 potior
2134 4271 2250 4345 est,
2284 4267 2590 4346 cujusque
2633 4265 2839 4343 gratia

466 4362 757 4442 princeps
782 4363 843 4424 id
872 4363 1274 4443 privilegium
1306 4363 1532 4426 habet.
1654 4364 1750 4422 An
1777 4381 1905 4424 non
1935 4362 2160 4424 scitum
2207 4369 2301 4424 est
2339 4361 2520 4438 illud,
2555 4362 2834 4424 libertati
