3131 5145
1437 446 1758 511 ...68-

421 602 455 644 a
488 581 724 661 populo
764 576 1113 658 legitimam
1142 580 1728 661 comprobationem
1763 580 2068 654 elicuerit,
2103 600 2218 661 pro
2250 580 2436 642 titulo
2477 580 2781 643 habenda

420 680 539 741 erit
573 678 895 759 popularis
933 678 1229 751 assenti0,
1269 684 1331 737 et
1360 679 1505 757 jure
1548 679 1794 738 obtinet
1831 677 1998 757 quod
2041 697 2155 737 usu
2200 684 2448 738 tantum
2485 679 2772 757 gerebat.

420 780 593 837 Tunc
639 775 894 837 demum
937 774 1209 855 populus
1260 794 1483 854 parere
1528 775 1746 849 debet;
1790 775 1853 835 ni
1887 774 2111 848 faciat,
2156 774 2330 836 nulla
2367 776 2449 836 sit
2495 782 2781 856 potestas

420 876 599 953 cujus
640 874 719 933 de
750 872 893 951 jure
941 878 1247 953 perpetua
1292 891 1420 933 non
1460 872 1677 933 sutura
1712 871 1793 933 sit
1830 872 2225 951 disceptatiO.
2277 873 2413 944 Qua
2460 874 2776 935 sententia

418 969 666 1031 videtur
734 971 1092 1047 Languetus
1158 968 1444 1031 nonnihil
1523 968 1844 1029 infirmare
1902 968 2072 1048 quod
2146 968 2358 1031 stricte
2427 970 2778 1031 deduxerat

419 1067 729 1129 hactenus
768 1086 806 1127 a
849 1073 1199 1127 contractu.
1252 1068 1390 1127 Non
1434 1066 1603 1127 enim
1657 1066 1926 1128 libenter
1964 1066 2238 1146 populus
2281 1067 2601 1142 assentiet,
2661 1068 2772 1129 sed

421 1171 594 1226 metu
634 1170 696 1225 et
732 1164 793 1225 vi
831 1170 1084 1224 coactus
1120 1183 1135 1225 :
1169 1182 1311 1242 quae
1352 1164 1676 1225 consentio
1711 1163 2056 1225 secundum
2087 1164 2193 1243 jus
2230 1164 2411 1225 civile
2451 1164 2628 1226 nulla
2652 1166 2774 1227 erit

420 1269 482 1323 et
508 1262 740 1323 nullius
774 1262 1054 1323 effectus
1097 1262 1180 1322 Ut
1216 1261 1604 1322 instauretur
1641 1267 1950 1341 tyrannus
1978 1261 2042 1321 in
2084 1261 2435 1339 legitimum
2479 1280 2768 1341 regnum,

420 1365 732 1440 potestate
760 1378 892 1420 sese
924 1358 1173 1419 abdicet
1201 1366 1473 1438 oportet,
1506 1366 1696 1437 atque
1728 1359 1816 1419 ita
1845 1358 2201 1439 expostulet
2231 1377 2270 1419 a
2298 1359 2624 1421 voluntate
2655 1379 2770 1439 po-

419 1458 554 1538 puli
580 1457 847 1517 liberum
876 1474 1252 1517 consensum
1287 1477 1301 1519 :
1328 1456 1425 1517 sin
1452 1456 1658 1529 aliter,
1681 1456 1832 1536 quid
1849 1452 2072 1517 'valeat
2099 1455 2261 1516 male
2291 1462 2432 1517 rata
2453 1460 2772 1535 potestas?

500 1554 677 1627 Quod
703 1572 855 1614 vero
878 1553 958 1614 ad
981 1553 1293 1632 legitimos
1314 1572 1491 1631 reges
1510 1553 1798 1632 improbe
1823 1560 1884 1615 et
1911 1554 2295 1633 impotenter
2324 1555 2768 1631 magistratum

420 1658 780 1714 exercentes
810 1659 1073 1731 spectat,
1104 1671 1230 1713 non
1261 1651 1534 1712 habendi
1556 1659 1704 1712 sunt
1732 1652 2006 1733 tyranni,
2045 1652 2096 1711 si
2125 1652 2276 1731 quid
2301 1652 2461 1712 forte
2485 1654 2774 1731 neglexe-

420 1750 546 1811 rint
569 1750 667 1811 vel
690 1748 1088 1829 deliquerint,
1111 1768 1222 1810 nec
1250 1749 1485 1810 bellum
1502 1749 1672 1810 illico
1697 1749 2094 1810 indicendum
2119 1767 2132 1810 :
2157 1750 2287 1810 veri
2303 1749 2491 1810 etiam
2515 1750 2770 1829 tyranni

420 1849 697 1929 primum
746 1847 1057 1912 tolerandi
1094 1854 1240 1907 sunt
1277 1855 1339 1907 et
1370 1847 1664 1908 omnibus
1694 1854 1841 1908 ante
1872 1848 2076 1910 modis
2105 1847 2411 1908 utendum
2445 1855 2536 1907 cst
2573 1868 2768 1928 quam

420 1947 642 2021 armis;
688 1946 796 2007 sed
843 1947 893 2005 si
953 1945 1356 2026 pertinaciter
1404 1947 1466 2005 in
1524 1946 1739 2025 pravis
1777 1946 2017 2006 artibus
2069 1946 2456 2026 perstiterint
2505 1946 2772 2007 rebelles

420 2045 695 2106 habendi
726 2050 873 2105 sunt
897 2050 959 2104 et
986 2043 1129 2104 ideo
1156 2043 1509 2122 dejiciendi.

498 2142 611 2203 Hic
640 2160 890 2221 quoque
911 2142 1267 2202 institutam
1289 2140 1349 2200 in
1377 2140 1654 2202 secunda
1674 2142 2021 2220 quaestione
2047 2142 2481 2221 exceptionem
2508 2148 2770 2202 renovat

418 2238 746 2301 resistendi
787 2239 891 2318 jus
932 2240 1339 2318 magistratus
1376 2245 1628 2300 tantum
1671 2258 1861 2317 penes
1899 2257 2054 2314 esse,
2089 2238 2214 2300 sive
2260 2238 2605 2312 univerSOS,
2639 2240 2770 2299 sive

420 2336 809 2416 complures3
839 2337 1118 2416 privatos
1146 2355 1297 2397 vero
1327 2337 1588 2399 omnino
1619 2336 1755 2415 ejus
1781 2343 2060 2398 exsortes
2089 2355 2243 2397 esse.

499 2438 586 2495 De
620 2441 849 2514 quarta
878 2435 1225 2514 quaestione
1264 2434 1420 2495 nihil
1460 2434 1740 2495 dicemus
1779 2453 2002 2515 parum
2047 2434 2324 2495 materiae
2355 2439 2588 2494 nostrae
2619 2452 2768 2495 con·

420 2539 722 2594 sentanca
764 2552 776 2594 :
822 2552 903 2593 an
935 2532 1079 2612 jure
1115 2532 1378 2612 possint,
1422 2539 1532 2594 aut
1567 2532 1840 2594 debeant
1882 2531 2066 2594 vicini
2107 2532 2418 2613 principes
2463 2531 2770 2593 auxilium

420 2632 581 2692 ferre
622 2630 892 2691 aliorum
938 2631 1295 2710 principum
1344 2630 1633 2709 subditis,
1673 2631 1993 2710 religionis
2045 2649 2219 2710 purae
2259 2648 2448 2690 causa
2493 2630 2765 2701 afflictis,

420 2734 531 2789 aut
563 2727 897 2789 manifesta
925 2727 1260 2808 tyrannide
1292 2729 1629 2808 oppressis.

500 2825 762 2887 Huberti
802 2825 1111 2903 Langueti
1153 2825 1313 2886 liber
1343 2827 1620 2887 maxime
1660 2827 1924 2887 idoneus
1967 2825 2148 2886 nobis
2181 2844 2312 2886 esse
2341 2826 2512 2886 visus
2538 2831 2655 2900 est,
2691 2825 2771 2886 ad

421 2923 916 3000 dignoscendum
972 2943 1098 3003 qua
1145 2930 1356 2985 mente
1411 2943 1615 3002 quove
1677 2925 1894 2984 afflatu
1948 2923 2244 2984 instincta
2293 2924 2531 2984 fuerint
2579 2942 2775 3003 opera

420 3019 695 3099 politica,
732 3040 873 3100 quae
914 3021 978 3080 in
1009 3021 1213 3082 lucem
1246 3041 1281 3081 a
1312 3021 1699 3082 Calvinianis
1729 3021 1980 3101 prodita
2004 3028 2172 3095 sunt,
2209 3028 2350 3100 post
2385 3020 2776 3083 Sanbartho-

421 3117 714 3179 lomaeam
774 3118 1031 3178 caedem.
1092 3119 1421 3178 Rationem
1484 3117 1740 3179 exhibet
1793 3118 2065 3179 civilium
2125 3118 2570 3192 certaminum,
2629 3137 2772 3196 quae

423 3221 843 3294 protestantes
866 3215 1197 3276 ediderunt
1236 3235 1273 3275 a
1306 3216 1692 3296 principibus
1732 3216 1871 3277 fulti
1911 3223 1974 3276 et
2011 3215 2255 3295 aliquot
2288 3216 2679 3288 civitatibus;
2713 3221 2774 3276 et

421 3319 743 3392 patratum
783 3313 1080 3392 explanat
1127 3314 1620 3393 tyrannicidium
1671 3334 1707 3374 a
1742 3315 1990 3394 privato
2034 3313 2096 3373 in
2143 3320 2484 3394 tyrannum
2533 3312 2772 3393 absque

418 3411 627 3484 titulo,
655 3411 719 3471 id
740 3418 833 3472 est
864 3429 901 3472 a
928 3411 1236 3473 Politroto
1263 3413 1330 3473 in
1351 3413 1752 3484 Franciscum
1782 3413 2082 3484 Guisium,
2111 3412 2430 3492 verbaque
2461 3411 2772 3490 Langueti

420 3508 643 3570 haberi
694 3515 956 3588 possunt
1011 3516 1082 3570 ut
1132 3509 1319 3572 minae
1377 3511 1442 3571 in
1509 3519 1750 3572 ceteros
1811 3510 2127 3590 principes
2193 3509 2398 3588 gentis
2459 3509 2770 3570 Guisianae

420 3607 700 3668 intentae.

503 3701 755 3764 Certum
788 3709 883 3764 est
917 3703 1219 3766 Vindicius
1249 3716 1468 3767 contra
1499 3715 1795 3788 tyrannos
1822 3725 1899 3767 ex
1929 3705 2224 3767 omnibus
2253 3703 2772 3772 Calvinianorum

418 3801 596 3864 libris
623 3802 1022 3864 notissimum
1053 3804 1240 3864 fuisse
1269 3812 1331 3865 et
1358 3811 1881 3882 argumentorum
1921 3803 2140 3865 solerti
2171 3802 2576 3884 dispositione
2617 3808 2681 3863 et
2712 3801 2776 3862 vi

418 3899 785 3980 impellendi
822 3901 902 3962 ad
934 3900 1178 3962 facinus
1217 3902 1684 3979 gravissimum.

496 4000 667 4060 Inter
704 3998 828 4060 alia
869 4005 1083 4061 tamen
1123 3999 1359 4080 ‘scripta
1391 4001 1658 4062 debetur
1698 4000 1932 4061 mentio
1975 3997 2343 4060 Buchanani
2381 3997 2565 4071 libro,
2601 4015 2772 4058 anno

420 4099 578 4158 1579
618 4097 786 4159 edito
824 4097 942 4158 sub
983 4098 1102 4159 hoc
1154 4099 1337 4172 titulo
1380 4118 1392 4160 :
1434 4099 1507 4160 de
1538 4097 1694 4158 Jure
1732 4097 1912 4176 reqni
1949 4095 2121 4178 apud
2165 4096 2404 4168 Scotos,
2445 4094 2772 4172 eleganter

418 4201 481 4255 et
510 4193 813 4256 concinne
842 4197 1097 4276 scripto,
1133 4197 1241 4275 qui
1272 4197 1551 4257 animum
1584 4195 1888 4257 libertatis
1919 4193 2541 4256 observantissimum
2569 4199 2776 4253 osten·

418 4291 532 4363 dit,
567 4298 628 4351 et
665 4293 874 4352 nescio
902 4292 1051 4372 quid
1090 4293 1154 4352 in
1186 4293 1652 4355 confabulando
1691 4293 2056 4354 subtilitatis
2093 4299 2157 4352 et
2198 4289 2596 4364 urbanitatiS,
2640 4307 2768 4369 quo

416 4388 746 4454 Platonem
781 4407 925 4448 eum
956 4389 1272 4450 imitatum
1304 4409 1437 4452 esse
1468 4390 1725 4470 quidam
1761 4390 2100 4470 aequalium
2133 4387 2496 4449 voluerunt.
