3131 5145
1488 454 1848 516 -112—

548 582 817 706 ἰηᾱίιίἰῗει,
845 584 1085 635 amiralis
1114 584 1307 635 Colinii
1335 598 1519 635 necem
1550 588 1703 647 optat
1731 588 1783 635 et
1813 584 2168 635 trucidandos
2193 596 2312 635 esse
2347 586 2688 638 Reformatos
2721 600 2853 639 oon-

550 662 637 705 ten
685 656 699 704 i
728 688 2720 711 ................................................................
2790 661 2854 710 36

488 753 728 815 Somnus,
751 753 964 805 Suarez.
986 782 1049 791 —
1072 754 1222 804 Unus
1241 768 1271 805 e
1295 753 1527 805 summis
1549 754 1834 805 Societatis
1846 755 1971 804 Jesu
1995 754 2302 817 theologu8‚
2329 755 2634 806 doctrinam
2665 762 2854 808 aueto-

554 825 699 875 ritati
731 838 918 889 regum
949 829 1004 875 et
1021 826 1165 875 vitae·
1176 825 1459 875 exitiosam
1489 826 1829 888 comprobat,
1852 824 1905 874 in
1927 825 2236 887 Defensione
2253 824 2382 889 fidei
2408 826 2697 877 catholica.
2718 828 2854 891 Ejus

552 896 839 957 sententia,
868 896 992 947 lieet
1021 896 1254 961 principi
1283 896 1535 947 resistere
1574 896 1735 947 etiam
1777 895 2076 946 occidendo
2109 895 2278 958 illum,
2311 897 2358 945 si
2397 898 2556 947 aliter
2594 898 2714 948 neri
2743 912 2856 949 non

554 966 725 1030 possit
754 966 996 1017 defensio
1015 1002 1628 1023 ....................
1625 962 1634 969 ’
1647 1002 2632 1022 ................................
2703 970 2733 1018 9
2735 971 2854 1019 8·99

496 1066 704 1116 Tamus
731 1067 1030 1128 Aounurm,
1068 1064 1287 1115 Thomas
1314 1065 1561 1133 d’Aquin.
1590 1093 1649 1101 —
1673 1067 1992 1130 Quanquam
2021 1064 2296 1129 tyrannidi
2321 1070 2404 1116 est
2429 1066 2853 1131 infensissimus,

552 1149 664 1187 non
698 1138 948 1187 hortatur
976 1137 1046 1187 ad
1074 1136 1467 1188 rebellandum.
1499 1134 1942 1200 'tyrannicidium
1974 1150 2229 1200 expresse
2269 1136 2509 1198 damnat,
2539 1151 2850 1202 quanquam

556 1207 713 1259 aliter
746 1208 931 1259 multis
961 1208 1135 1259 visum
1174 1212 1259 1259 est
1265 1243 2596 1263 ...........................................
2617 1244 2634 1261 .
2702 1212 2851 1261 14-16

491 1306 717 1357 Vanam
749 1320 860 1357 mx.
891 1333 950 1344 -
976 1307 1087 1357 Hae
1113 1306 1252 1370 lege,
1282 1307 1425 1370 apud
1456 1308 1751 1367 Romanos,
1781 1305 2037 1357 vindiotae
2064 1306 2296 1369 publicae
2337 1306 2606 1358 obnoxius
2647 1311 2766 1358 erat
2803 1309 2849 1357 si

552 1378 685 1499 {¹1¹3ss
688 1393 774 1499 ‘ge
811 1380 897 1429 vel
937 1383 1119 1430 mente
1152 1394 1373 1430 manum
1413 1378 1480 1430 ad
1520 1382 1843 1441 potestatem
1881 1378 2218 1429 admovisset
2255 1378 2548 1429 violentam
2582 1382 2637 1430 et
2675 1378 2849 1499 illegi‘-3

490 1546 785 1598 Xxuoruou.
815 1573 876 1584 —
906 1547 1059 1598 Haud
1091 1549 1255 1598 semel
1284 1548 1576 1612 profitetur
1603 1546 1719 1596 vim'
1739 1560 1858 1597 esse
1891 1547 1945 1596 in
1979 1551 2239 1610 tyrannos
2261 1547 2652 1607 adhibendam.
2670 1583 2713 1598 ..
2731 1584 2745 1597 .
2819 1549 2848 1597 3

1101 2072 1229 2128 Vidi
1258 2089 1323 2129 ac
1352 2076 1598 2147 perlegi,

830 2152 1070 2209 Lutetiae
1100 2153 1476 2225 Parisiorum,
1508 2155 1569 2211 in
1601 2155 1884 2227 Sorbona,

709 2250 761 2288 a.
794 2233 853 2288 d.
880 2234 950 2289 Vl
973 2234 1101 2289 Kal.
1130 2250 1263 2306 aug.
1296 2250 1430 2290 ann.
1464 2237 2010 2308 MDCCCLXXXVIII,

498 2315 800 2371 Facultatis
829 2316 1165 2371 Litterarum
1192 2319 1252 2370 in
1279 2315 1579 2373 Academia
1608 2320 1912 2374 Parisiensi
1939 2322 2210 2388 Decanus,

1211 2396 1278 2449 A.
1311 2396 1506 2451 Enim.

2136 2532 2307 2606 Typis
2335 2535 2665 2601 mandetur,

1950 2613 2264 2670 Academiae
2291 2615 2622 2672 Parisiensis
2649 2619 2846 2682 rector,

2279 2694 2519 2751 Gm'zann.
