3131 5145
1352 446 1759 525 -19-‚

327 582 508 637 sexto
543 576 778 656 secale,
822 580 1032 657 quoad
1073 580 1153 641 ad
1191 580 1524 641 materiam
1560 588 1869 654 nostram,
1908 581 2052 643 libri
2092 584 2299 644 Italici
2332 585 2676 667 scriptoris,

329 672 512 752 cujus
542 692 772 735 nomen
801 675 984 737 valde
1016 677 1333 739 inclaruit.

411 770 706 832 Nicolaus
738 772 1184 836 Machiavellus
1219 776 1300 836 ab
1333 778 1627 838 omnibus
1657 777 1766 858 qui
1796 778 2005 839 medio
2037 796 2170 839 aevo
2202 778 2277 839 de
2308 779 2493 841 rebus
2522 771 2696 844 εἰνὶ-ἶ

332 867 498 927 libus
529 869 911 948 scripserunt
941 870 1130 951 longe
1159 872 1358 934 distat
1391 892 1404 933 :
1441 873 1675 954 quippe
1698 873 1831 956 qui,
1857 882 2099 937 semota
2121 875 2439 953 religionis
2468 884 2679 940 aucto-

331 965 548 1039 ritate,
604 967 1064 1029 renascentium
1110 969 1463 1032 litterarum
1516 972 1751 1049 gratia,
1813 991 1852 1032 a
1890 971 2120 1033 Graecis
2167 978 2229 1033 et
2276 974 2593 1053 praecipue
2641 995 2680 1037 a

331 1053 631 1125 Romanis
671 1066 1080 1146 scriptoribus
1107 1069 1450 1129 sententias
1484 1075 1547 1129 et
1583 1069 1779 1130 animi
1820 1070 2080 1130 affectus
2119 1077 2443 1131 mutuatus
2480 1072 2581 1132 sit.
2608 1074 2678 1132 In

333 1160 722 1223 Orationibus
765 1163 837 1225 de
868 1164 1068 1243 Livia,
1116 1166 1297 1245 quasi
1335 1185 1772 1247 repercussum
1816 1185 2041 1228 sonum
2082 1166 2305 1228 audias
2344 1169 2678 1246 grandium

311 1256 668 1320 ’verborum
733 1262 1162 1342 antiquitatis,
1217 1271 1278 1325 et
1334 1283 1486 1325 sane
1545 1283 1853 1343 agnoscas
1908 1283 2051 1325 eum
2111 1265 2219 1344 qui
2262 1266 2343 1325 ad
2404 1267 2677 1328 amicum

327 1357 669 1435 quemdam
719 1359 736 1393 ¹
787 1359 978 1419 fortia
1022 1360 1130 1420 illa
1175 1367 1236 1421 et
1282 1360 1490 1423 vivida
1531 1361 1986 1441 pronuntiabat
2038 1378 2053 1421 :
2107 1385 2136 1416 «
2169 1362 2294 1423 Sub
2325 1381 2674 1443 vesperam,

328 1454 396 1516 in
437 1455 865 1517 deversorium
930 1476 1028 1517 me
1081 1458 1316 1537 recipio
1363 1465 1426 1520 et
1471 1458 1678 1520 aulica
1727 1458 1983 1518 indutus
2042 1462 2243 1533 veste,
2286 1460 2445 1521 festo
2506 1460 2677 1522 cultu

329 1559 610 1628 ornatuS‚
664 1554 894 1615 atrium
952 1555 1274 1635 ingredior
1320 1563 1603 1618 veterum
1646 1558 1947 1618 virorum.
2015 1558 2067 1617 A
2134 1557 2361 1636 quibus
2406 1557 2678 1637 benigne

328 1657 631 1730 exceptus
660 1659 936 1713 mentem
979 1654 1202 1733 expleo
1244 1653 1354 1715 illo
1393 1653 1534 1715 cibo
1577 1654 1685 1733 qui
1720 1654 1887 1714 solus
1926 1653 2138 1714 animo
2178 1673 2318 1715 meo
2362 1656 2673 1733 congruit,

328 1748 408 1808 ad
442 1767 630 1828 quem
663 1754 846 1809 natus
872 1770 1034 1812 sum.
1077 1753 1201 1813 Nec
1242 1770 1342 1811 me
1387 1751 1583 1829 pudet
1612 1769 1751 1812 cum
1798 1752 1885 1811 eis
1928 1750 2207 1830 colloqui
2242 1759 2431 1831 atque
2471 1754 2550 1814 ab
2589 1754 2677 1815 eis

326 1846 656 1925 exquirere
714 1853 997 1908 actorum
1059 1850 1357 1909 rationes,
1411 1847 1564 1909 Mihi
1616 1848 1995 1928 respondere
2054 1848 2395 1925 dignantur
2446 1856 2509 1911 et
2564 1870 2678 1930 per

325 1947 532 2003 totum
555 1949 829 2022 quatuor
857 1944 1158 2006 horarum
1181 1945 1456 2024 spatium
1487 1944 1646 2005 nulli
1674 1945 1985 2006 obnoxius
2015 1945 2225 2017 taedio,
2254 1964 2435 2007 curas
2456 1965 2675 2008 omnes

324 2039 643 2101 oblivione
674 2060 929 2119 supero,
955 2062 1068 2104 nec
1094 2050 1533 2124 paupertatem
1557 2050 1906 2105 mortemve
1935 2050 2171 2105 metuo,
2201 2069 2230 2100 »

407 2140 485 2199 At
530 2158 655 2199 non
694 2140 898 2201 solum
941 2140 1262 2220 religionis
1313 2142 1419 2203 sed
1461 2143 1653 2202 etiam
1694 2160 1943 2203 morum
1985 2142 2155 2219 leges
2194 2160 2387 2221 prave
2414 2144 2673 2223 respuit.

325 2238 527 2297 Omne
557 2237 801 2297 frenum
831 2238 1066 2299 excutit
1095 2246 1156 2299 et
1187 2239 1424 2319 abjicit,
1461 2258 1650 2300 omne
1670 2240 1897 2318 jugum
1922 2238 2279 2318 molestum,
2314 2246 2377 2300 et
2401 2259 2433 2300 e
2464 2259 2677 2304 rerum

323 2334 729 2414 politicarum
757 2335 1018 2397 scientia
1038 2335 1254 2397 haurit
1283 2343 1485 2397 artem
1516 2336 1861 2416 quamdam
1885 2335 2174 2396 vincendi
2196 2344 2259 2397 et
2284 2336 2543 2415 regendi
2566 2356 2677 2417 per

325 2432 452 2492 vim
497 2438 559 2492 et
593 2432 831 2493 dolum.
868 2436 1005 2493 Non
1049 2434 1218 2514 quod
1257 2434 1390 2511 ipse
1429 2433 1579 2514 quid
1613 2433 1693 2493 sit
1722 2433 1959 2494 bonum
1994 2432 2411 2496 honestumve
2439 2436 2677 2496 nesciat

321 2536 433 2590 aut
457 2530 681 2592 morali
713 2549 896 2592 sensu
925 2532 1005 2592 sit
1027 2531 1286 2593 omnino
1323 2531 1679 2605 destitutuS‚
1714 2530 1821 2592 sed
1854 2549 2036 2611 aequo
2069 2536 2130 2592 et
2152 2532 2323 2610 justo
2351 2531 2675 2613 politicam

325 2628 639 2688 rationem
693 2629 1010 2708 praeponit
1062 2627 1436 2709 felicemque
1498 2647 1709 2689 rerum
1760 2637 2091 2700 eventu1n‚
2152 2636 2212 2689 et
2270 2630 2676 2691 commodum

321 2725 669 2805 publicum.
707 2725 891 2786 Omni
914 2725 1196 2805 qualibet
1228 2732 1363 2788 arte
1392 2727 1635 2800 nititur,
1671 2725 2017 2786 dummodo
2044 2726 2441 2805 propositum
2484 2727 2674 2788 finem

322 2829 777 2902 consequatur3
797 2828 860 2884 et
884 2823 1114 2900 agendi
1133 2823 1294 2884 ratio
1327 2823 1424 2884 his
1451 2823 1661 2886 verbis
1690 2822 1937 2882 definiri
1964 2823 2158 2902 possit
2188 2841 2202 2884 t
2240 2822 2424 2883 Salus
2457 2823 2676 2903 populi

319 2939 622 3000 suprema
661 2921 762 2981 lex
801 2927 954 2981 est0.
997 2920 1211 2982 Scelus
1251 2939 1376 2982 non
1423 2921 1486 2980 in
1528 2921 1732 2999 legem
1772 2938 2081 2998 usumque
2124 2919 2372 2997 redigit,
2410 2921 2515 2981 sed
2556 2940 2673 3001 pro

320 3017 461 3078 utili
491 3018 682 3079 modo
715 3018 927 3094 habet,
965 3038 1148 3098 quem
1184 3018 1383 3098 possis
1414 3017 1713 3079 adhibere
1744 3019 1991 3097 quoties
2027 3017 2267 3077 utilitas
2305 3023 2367 3078 et
2402 3035 2677 3081 commo·

318 3114 472 3196 dum
504 3117 792 3176 suaserit.

349 3194 796 3284 [Machiavelli
852 3211 1129 3291 pravitas
1182 3231 1309 3272 non
1363 3211 1571 3272 minor
1627 3211 1691 3270 in
1742 3210 2135 3271 Orationibus
2187 3211 2257 3272 de
2318 3210 2452 3272 Tito
2495 3212 2669 3274 Livio

317 3329 514 3390 quam
542 3311 608 3370 in
647 3310 963 3393 Principe,
997 3312 1286 3391 quamvis
1319 3311 1485 3371 inter
1511 3311 1630 3371 hos
1661 3309 1855 3370 libros
1887 3329 1924 3369 a
1957 3309 2171 3370 mullis
2198 3309 2488 3389 quaedam
2527 3330 2672 3389 sug-

317 3415 497 3486 gesta
534 3408 615 3468 sit
657 3409 995 3472 distinctio.
1041 3411 1302 3489 Semper
1347 3409 1474 3468 vim
1523 3414 1585 3468 et
1628 3406 1957 3486 perfidiam
2002 3407 2273 3466 intendit
2310 3414 2379 3466 ut
2416 3407 2673 3486 propria

317 3507 472 3567 artis
517 3505 789 3585 politicae
817 3526 1031 3580 arma,
1063 3509 1193 3567 sive
1237 3525 1439 3584 reges,
1480 3506 1608 3566 sive
1648 3504 1883 3566 liberos
1922 3505 2086 3566 cives
2125 3504 2671 3565 exhortationibus

319 3601 596 3680 instiget.
627 3606 750 3663 Nec
786 3609 1028 3664 tantum
1064 3621 1169 3665 eos
1209 3602 1316 3683 qui
1361 3621 1472 3681 per
1516 3603 1643 3663 vim
1676 3601 2010 3680 imperium
2048 3607 2516 3681 occupaverunt
2560 3601 2668 3661 sed

317 3708 382 3762 et
427 3701 700 3762 civitatis
749 3701 962 3762 liberae
999 3701 1279 3762 fautores
1313 3706 1531 3766 monet
1567 3700 1644 3760 ad
1679 3699 1806 3759 vim
1856 3704 1919 3759 et
1958 3699 2225 3759 saevitias
2274 3697 2664 3776 confugiant.

315 3799 547 3858 Ver-um
577 3798 744 3858 enim
771 3816 922 3858 vero
953 3798 1204 3859 diversa
1234 3796 1515 3876 utrisque
1560 3802 2006 3874 proponuntur
2048 3813 2061 3856 :
2096 3794 2221 3855 illis
2252 3798 2436 3854 unius
2465 3794 2667 3854 domi-

316 3895 493 3956 natio
525 3895 934 3973 instituenda‚
959 3895 1058 3955 his
1075 3913 1222 3955 vero
1247 3894 1557 3955 servanda
1584 3892 1804 3972 populi
1828 3893 2106 3970 libertaS‚
2140 3892 2245 3952 sed
2281 3892 2360 3950 nd
2392 3891 2669 3952 diversos

316 3993 473 4053 fines
529 4011 654 4052 una
699 3993 1047 4073 eademque
1101 3991 1227 4052 itur
1265 3991 1366 4052 via
1404 3990 1578 4051 nullo
1617 3989 1785 4070 apud
1828 3997 2124 4068 utrosque
2166 3988 2500 4068 probitatis
2540 4007 2665 4049 res-

313 4096 525 4170 pectu.
552 4092 700 4151 Haec
721 4096 868 4149 sunt
887 4089 1116 4169 quibus
1134 4088 1407 4148 maxime
1428 4086 1690 4147 indulsit
1709 4087 1871 4146 inter
1886 4087 2019 4165 ejus
2038 4087 2313 4145 rationes
2330 4091 2625 4164 excerpta
2650 4105 2663 4146 :

309 4187 620 4248 Horrifico
665 4186 942 4266 quodam
985 4189 1114 4247 ictu
1154 4185 1425 4246 terrendi
1465 4191 1613 4245 sunt
1650 4183 1990 4244 adversarii
2026 4188 2249 4260 status,
2295 4201 2481 4262 quem
2522 4181 2665 4242 civi-

373 4399 416 4446 1.
449 4397 681 4448 Vettori.
