3131 5145
1495 419 1776 482 -6-

415 531 418 536 ’
454 553 613 616 sidio
638 553 926 614 manibus
949 551 1334 632 quibuslibet
1353 554 1841 632 permittebatur
1869 554 1948 616 ad
1980 554 2333 615 libertatem
2356 550 2805 645 vindicandam⁸

454 651 770 755 armatiani(

533 823 582 881 A
621 819 920 881 Romanis
959 819 1448 901 tyrannicidium
1490 820 1664 882 haud
1703 840 1879 883 secus
1920 827 2106 902 atque
2148 840 2185 881 a
2222 818 2450 882 Graecis
2490 824 2550 879 et
2580 816 2795 878 lauda-

450 924 582 980 tum
615 924 678 978 et
707 917 1088 1004 honoratum
1123 897 1366 979 fuitfln
1398 937 1622 997 regum
1651 919 1986 998 imperium
2028 925 2263 980 tantam
2304 915 2609 976 invidiam
2642 917 2797 974 Tar-

451 1016 651 1097 quinii
694 1016 1124 1077 conflaverant
1167 1022 1238 1075 ut
1279 1035 1512 1078 nomen
1555 1015 1763 1097 ipsum
1806 1037 2022 1096 regum
2065 1035 2315 1096 semper
2356 1013 2631 1096 populus
2670 1015 2797 1073 Ro-

450 1133 676 1175 manus
719 1132 981 1191 perosus
1019 1113 1259 1192 fuisset,
1304 1115 1532 1174 Brutus
1577 1115 1955 1194 popularem
2004 1119 2381 1194 potestatem
2426 1111 2695 1172 instituit
2736 1115 2798 1170 et

449 1211 796 1272 institutam
831 1215 1034 1270 morte
1065 1209 1331 1271 duorum
1365 1210 1641 1272 filiorum
1669 1212 1901 1272 sanxit.
1936 1212 2088 1272 Inde
2124 1230 2239 1292 pro
2266 1211 2409 1290 jure
2450 1209 2668 1270 habita
2705 1215 2797 1268 est

447 1309 540 1369 vis
572 1308 860 1370 adhibita
883 1308 949 1367 in
976 1313 1278 1386 tyrannos
1302 1309 1745 1385 restituend05‚
1774 1317 1836 1370 et
1868 1310 2071 1388 primo
2100 1315 2381 1389 tempore
2411 1308 2477 1367 in
2507 1306 2645 1384 lege
2670 1306 2795 1366 Va-

448 1406 624 1480 leria,
642 1407 748 1485 jus
778 1406 930 1466 illud
962 1425 1323 1486 expressum
1361 1414 1476 1484 est,
1503 1428 1631 1487 qua
1660 1414 1981 1488 perpetuae
2009 1405 2542 1467 animadversioni
2572 1412 2633 1465 et
2662 1405 2794 1464 vin-

447 1505 630 1566 dictae
667 1503 934 1585 publicae
967 1503 1278 1565 obnoxius
1309 1511 1442 1564 erat
1477 1506 1526 1564 si
1556 1505 1697 1586 quis
1724 1525 1787 1566 re
1820 1505 1916 1566 vel
1952 1511 2159 1565 mente
2192 1522 2450 1564 manum
2483 1503 2564 1563 ad
2590 1510 2795 1583 potes-

445 1609 640 1663 tatem
703 1600 1081 1662 admovisset
1134 1601 1474 1662 violentam
1534 1610 1597 1663 et
1653 1602 2049 1682 illegitimam
2092 1603 2137 1663 ¹.
2187 1601 2281 1662 Ab
2336 1601 2456 1662 hoc
2512 1609 2795 1680 tempore

445 1699 629 1761 Urbis
665 1698 928 1759 annales
959 1699 1287 1760 abundant
1321 1701 1474 1761 actis
1515 1721 1657 1780 quae
1702 1701 1763 1760 in
1806 1700 2181 1761 memoriam
2214 1705 2511 1760 revocant
2542 1697 2792 1759 Graeciae

445 1797 730 1858 civitates
763 1815 874 1876 pro
907 1795 1194 1858 libertate
1228 1797 1526 1858 adversus
1561 1805 1867 1878 tyrannos
1898 1800 2312 1870 decertanteS,
2350 1815 2507 1877 quos
2547 1815 2625 1856 ex
2662 1813 2795 1856 sese

446 1914 644 1975 usque
691 1895 1044 1975 pariebant.
1087 1897 1206 1956 Seu
1252 1894 1454 1973 plebis
1491 1896 1811 1975 praesidio,
1854 1915 1961 1956 seu
2002 1902 2255 1956 senatus
2294 1895 2510 1966 fultus„
2552 1895 2679 1955 sive
2718 1913 2794 1955 ex

445 1992 671 2053 humili
702 1999 877 2053 ortus
906 1992 1068 2065 loc0‚
1105 1992 1231 2052 sive
1265 2011 1338 2052 cx
1379 1993 1643 2073 patricia
1672 2001 1856 2070 gente
1888 2013 2150 2071 regnum
2183 1994 2231 2053 si
2263 1993 2403 2072 quis
2432 1991 2793 2071 affectabat,

443 2087 613 2152 haud
654 2088 846 2150 semel
886 2089 1042 2150 obiit
1081 2095 1142 2149 et
1182 2089 1426 2167 legibus
1464 2090 1530 2150 in
1574 2097 1962 2152 antecessum
2006 2090 2425 2151 annuentibus
2450 2097 2512 2151 et
2541 2090 2795 2169 publica

443 2187 760 2266 opinione.
791 2237 802 2254 „

523 2285 895 2363 Quanquam
944 2284 1222 2346 moribus
1269 2290 1330 2345 et
1373 2283 1676 2345 institutis
1726 2287 1925 2346 Roma
1974 2286 2276 2347 Graeciam
2322 2287 2542 2360 refert,
2595 2285 2795 2365 profi-

444 2383 703 2442 tendum
736 2389 946 2442 tamen
975 2390 1069 2443 est
1098 2382 1341 2455 Romae,
1373 2382 1487 2442 sub
1516 2382 1783 2461 imperio
1815 2383 2153 2458 consulari,
2187 2403 2515 2463 nunquam
2546 2383 2793 2444 habitas

443 2496 574 2540 esse
615 2478 690 2539 de
726 2478 1147 2558 tyrannicidio
1179 2479 1321 2541 illas
1351 2479 1741 2540 laudatorias
1776 2481 2091 2541 orationes
2130 2480 2357 2561 quibus
2385 2500 2612 2561 parum
2642 2500 2791 2561 par-

442 2576 672 2637 cebant
700 2578 896 2639 Graeci
927 2578 1284 2659 scriptores,
1321 2580 1442 2637 Nec
1474 2578 1706 2638 mirum
1742 2597 1755 2638 ε
1790 2579 2012 2659 primis
2046 2579 2211 2639 enim
2250 2579 2637 2660 temporibus
2672 2583 2791 2641 Ro-

443 2675 615 2737 mani
649 2676 712 2735 in
753 2676 1016 2753 agendo·
1046 2677 1244 2755 magis
1283 2696 1472 2756 quam
1516 2675 1581 2735 in
1624 2676 1937 2758 loquendo
1990 2683 2173 2738 erant
2216 2678 2525 2757 occupati.
2578 2679 2791 2740 Poste-

443 2772 571 2833 rius
619 2793 764 2834 vero
803 2773 1086 2835 rhetores
1117 2776 1314 2835 Graeci
1350 2781 1580 2835 caetera
1610 2776 1928 2835 Romanos
1954 2775 2305 2835 docuerunt
2340 2781 2402 2836 et
2440 2776 2788 2856 praesertim

444 2872 751 2931 oratorias
776 2871 1289 2947 declamationeS,
1326 2871 1553 2952 quibus
1584 2870 1768 2932 facile
1798 2872 1925 2933 sive
1949 2872 2014 2932 in
2037 2872 2363 2947 concione,
2388 2874 2516 2934 sive
2546 2874 2609 2933 in
2638 2874 2787 2935 ludo

444 2967 820 3029 scholastico
855 2974 1186 3030 moventur
1212 2968 1540 3047 hominum
1569 2968 1853 3031 affectus,

498 3062 772 3125 Primus
812 3064 1051 3126 Tullius
1087 3068 1368 3127 admovit
1397 3074 1674 3127 mentem
1712 3066 1792 3128 ad
1830 3068 2224 3148 usurpandas
2252 3088 2436 3129 voces
2465 3076 2528 3130 et
2557 3069 2793 3147 figuras

443 3164 800 3243 Graecorum
836 3164 900 3222 in
937 3162 1254 3224 laudando
1291 3164 1482 3225 Bruto
1517 3165 1777 3243 ejusque
1809 3165 1990 3225 sociis
2016 3172 2159 3244 post
2191 3166 2496 3227 Caesarem
2530 3186 2787 3229 caesum.

445 3263 703 3321 Brutum
733 3260 898 3320 enim
927 3266 987 3321 et
1013 3260 1290 3321 Cassium
1324 3269 1801 3341 tyrannoctonos
1829 3263 1999 3336 dicit,
2021 3263 2192 3343 quod
2217 3265 2477 3325 verbum
2509 3284 2546 3325 a
2574 3268 2791 3327 Graeco

443 3378 730 3420 sermone
774 3365 1121 3434 mutuatur,
1166 3360 1513 3440 heroesque
1552 3367 1740 3421 vocat
1786 3368 1848 3421 et
1886 3361 2134 3439 subjicit
2172 3382 2235 3423 se
2274 3362 2451 3423 nulla
2484 3382 2549 3425 re
2587 3364 2791 3442 magis

445 3458 650 3519 adhuc
691 3456 1068 3519 delectatum
1112 3465 1344 3538 praeter
1379 3458 1587 3519 idibus
1626 3459 1887 3521 Martiae.
1924 3460 2094 3520 Idem
2126 3460 2190 3520 in
2222 3461 2489 3540 epistola
2518 3460 2594 3521 ad
2627 3461 2781 3521 Aui-

443 3574 584 3616 cum
626 3574 639 3615 :
689 3580 716 3609 «
755 3556 980 3617 Omnia
1020 3555 1167 3617 licet
1206 3562 1609 3631 concurrant,
1651 3556 1792 3617 idus
1830 3558 2066 3617 Martiae
2110 3557 2535 3619 consolantur.
2581 3559 2791 3620 Nostri

443 3660 653 3715 autem
693 3652 884 3734 ἥρωες,
913 3652 1081 3732 quod
1113 3672 1224 3732 per
1252 3654 1423 3734 ipsos
1462 3653 1686 3715 confici
1715 3653 1945 3732 potuit,
1977 3653 2421 3733 gloriosissime
2456 3660 2518 3715 et
2545 3656 2791 3735 magni-

444 3748 840 3811 ficentissime
872 3751 1275 3811 confecerunt
1297 3750 1340 3811 ².
1379 3775 1408 3807 »

523 3846 813 3908 Ceterum
847 3848 1236 3927 apertissime
1263 3867 1441 3908 suam
1468 3856 1531 3912 et
1561 3850 1843 3909 omnium
1876 3848 2063 3910 simul
2095 3851 2522 3910 Romanorum
2552 3855 2795 3911 senten-

442 3945 596 4006 tiam
628 3945 929 4020 declarat,
967 3945 1032 4005 in
1063 3945 1224 4006 libro
1261 3945 1627 4025 de-OfsiciiS,
1663 3946 1884 4007 vividis
1924 3946 2228 4007 extollens
2258 3946 2550 4008 laudibus
2580 3948 2787 4008 Caesa-

445 4042 526 4104 ris
551 4043 811 4116 caedem,
835 4044 1092 4124 tyranni
1122 4051 1183 4105 et
1211 4043 1628 4124 tyrannicidae
1660 4044 1892 4105 omisso
1921 4043 2212 4106 nomine:
2238 4068 2267 4100 «
2300 4046 2478 4123 Saepe
2505 4050 2794 4123 tempore

442 4140 533 4212 fit,
579 4148 667 4213 ut,
718 4140 890 4219 quod
927 4141 1298 4221 plerumque
1340 4147 1522 4219 turpe
1561 4141 1786 4203 haberi
1822 4141 2047 4216 soleat,
2087 4142 2442 4203 inveniatur
2482 4160 2609 4203 non
2660 4160 2793 4202 esse

505 4310 548 4356 1.
581 4308 714 4357 Vide
745 4308 924 4357 Titum
959 4308 1187 4369 Livium,
1215 4310 1278 4367 11,
1307 4311 1353 4357 8.

502 4380 548 4428 2.
577 4377 663 4429 Ad
689 4379 938 4437 Atticum,
971 4379 1100 4439 xlv,
1131 4382 1158 4429 6
1191 4384 1243 4430 et
1272 4382 1318 4429 4.
