3131 5145
256 580 558 645 servilem
604 581 989 660 degenerent
1029 578 1308 640 animum
1342 585 1405 639 et
1445 577 1877 659 pusillanimes
1918 577 2075 637 fiant
2112 576 2191 637 ud
2223 596 2410 639 omne
2450 576 2628 640 virile

258 700 425 763 opus
455 687 521 741 et
547 685 874 741 strenuum
910 696 923 738 :
955 677 1122 757 quod
1164 677 1603 756 experimento
1639 682 1815 755 patet
1852 674 1917 735 in
1959 674 2299 754 provinciis
2338 694 2479 754 quae
2521 675 2627 737 diu

258 780 379 840 sub
417 776 711 859 tyrannis
752 777 1008 837 fuerunt
1017 822 1137 837 .....
1185 775 1334 837 Ideo
1387 794 1426 835 a
1454 774 1741 854 tyrannis
1771 792 1836 833 se
1879 772 2273 834 abscondunt
2312 772 2623 845 homines,

257 877 424 938 sicut
457 895 496 937 a
535 874 896 937 crudelibus
933 873 1175 946 hestii8‚
1205 873 1499 952 idemque
1533 871 1783 933 videtur
1818 876 2091 952 tyranno
2128 870 2353 950 subjici
2392 878 2454 933 et
2484 872 2629 931 bes-

261 975 368 1035 tiae
401 972 686 1035 saevienti
713 970 1031 1033 substerni
1064 972 1105 1033 ¹.
1144 995 1174 1027 »
1213 1035 1218 1043 ,

347 1071 469 1133 Sed
498 1088 868 1151 quanquam
904 1068 1225 1150 tyrannidi
1253 1074 1349 1129 est
1376 1067 1833 1129 infensissimus
1858 1066 2153 1141 ThomaS‚
2184 1085 2313 1127 non
2335 1066 2630 1128 hortatur

263 1170 347 1231 ad
383 1167 842 1231 rebellandum.
887 1167 1036 1240 Quis
1083 1167 1249 1227 enim
1303 1184 1382 1227 ex
1433 1165 1696 1227 arbitrio
1746 1184 2176 1227 successuram
2216 1163 2624 1227 rebellionem

261 1266 582 1346 spondere
603 1264 835 1346 possit;
865 1264 916 1325 si
944 1283 1042 1325 res
1073 1282 1250 1325 secus
1275 1264 1552 1342 cesserit,
1583 1262 1783 1324 victor
1807 1268 2113 1341 tyrannus
2142 1268 2204 1325 et
2223 1262 2423 1323 iratus
2454 1263 2630 1324 saevi-

264 1365 388 1425 tias
431 1382 579 1424 suas
623 1361 964 1423 exacuerit.
993 1360 1172 1434 Quod
1207 1361 1257 1421 si
1287 1360 1627 1421 destitutus
1666 1360 1877 1435 suerit,
1921 1360 2056 1439 ejus
2090 1378 2302 1421 casum
2340 1360 2629 1440 excipere

263 1466 534 1542 possunt
565 1460 776 1521 civiles
805 1464 1018 1520 motus
1060 1465 1124 1519 et
1165 1458 1603 1519 contentiones
1643 1477 1787 1538 quae
1818 1458 1884 1518 in
1914 1458 2249 1519 discrimen
2288 1457 2630 1519 detrudant

268 1578 526 1621 summa
553 1555 772 1638 populi
803 1557 1160 1618 commoda.
1190 1558 1351 1629 Quin
1391 1556 1582 1617 etiam
1622 1575 1831 1617 nonne
1872 1556 2156 1618 accidere
2196 1561 2401 1635 potest
2443 1562 2513 1616 ut
2550 1576 2629 1617 ex

261 1657 340 1716 iis
373 1656 484 1737 qui
523 1663 862 1735 tyrannum
903 1654 1245 1717 everterint
1283 1660 1483 1715 exstet
1523 1672 1723 1733 novus
1752 1653 2047 1714 dominus
2086 1654 2194 1733 qui
2225 1660 2517 1715 metuens
2551 1672 2629 1714 ne

261 1773 485 1815 rursus
517 1754 649 1833 ipse
678 1751 1048 1813 deturbetur
1075 1751 1380 1831 populum
1415 1752 1677 1812 saeviore
1708 1751 1962 1812 servitio
1992 1752 2315 1831 opprimat
2344 1752 2413 1810 ²?

351 1855 558 1925 Quum
589 1869 738 1912 vero
770 1850 1024 1931 tyranni
1056 1850 1300 1911 saevitia
1323 1850 1584 1911 modum
1614 1849 1970 1922 excesserit,
1995 1850 2271 1911 Thomas
2292 1856 2503 1911 censet
2522 1851 2631 1929 jus

265 1968 406 2012 esse
447 1957 516 2010 ut
548 1948 773 2028 jugum
825 1947 1098 2028 populus
1143 1948 1451 2022 excutiat,
1495 1955 1558 2011 et
1608 1947 1673 2007 in
1722 1966 1971 2008 summo
2020 1946 2379 2008 discrimine
2426 1947 2630 2009 noxiis

266 2046 536 2109 omnino
569 2047 648 2106 sit
676 2064 934 2107 vacuus.
972 2069 1002 2102 «
1034 2045 1098 2107 Si
1129 2045 1210 2106 ad
1241 2044 1346 2124 jus
1387 2044 1813 2106 multitudinis
1852 2044 2117 2123 alicujus
2154 2045 2467 2125 pertineat
2512 2046 2630 2105 sibi

265 2144 605 2228 providere
637 2144 712 2204 de
745 2162 913 2222 rege,
948 2163 1077 2205 non
1105 2144 1336 2232 injuste
1373 2144 1454 2203 ab
1493 2143 1714 2204 eadem
1758 2162 1867 2203 rex
1904 2143 2225 2205 institutus
2252 2150 2465 2223 potest
2493 2143 2629 2204 des-

263 2244 391 2304 trui
400 2290 524 2306 .....
559 2244 686 2303 Nec
721 2241 1007 2322 putanda
1035 2246 1133 2302 est
1161 2240 1305 2301 talis
1335 2239 1675 2301 multitudo
1706 2239 2045 2301 infideliter
2069 2259 2257 2321 agere
2285 2246 2627 2322 tyrannum

260 2340 614 2401 destituens
663 2338 916 2399 etiamsi
972 2336 1175 2399 eidem
1227 2337 1292 2396 in
1337 2343 1643 2417 perpetuo
1691 2356 1757 2397 se
1817 2344 1963 2399 ante
2006 2336 2360 2416 subjecerat
2414 2360 2427 2397 :
2480 2338 2631 2418 quia

262 2439 390 2499 hoc
441 2437 572 2517 ipse
613 2436 866 2509 meruit,
895 2436 960 2499 in
1003 2434 1428 2495 multitudinis
1469 2434 1775 2513 regimine
1814 2453 1877 2495 sc
1918 2453 2045 2495 non
2082 2434 2349 2495 fideliter
2378 2453 2626 2513 gerenS,

261 2541 335 2598 ut
361 2535 558 2616 exigit
582 2534 746 2615 regis
777 2533 1080 2607 officium,
1115 2531 1284 2613 quod
1315 2532 1370 2594 ei
1402 2539 1659 2612 pactum
1700 2551 1735 2593 a
1772 2530 2038 2594 subditis
2080 2551 2208 2594 non
2251 2539 2623 2596 reservetur.

258 2635 366 2697 Sic
410 2634 681 2695 Romani
723 2631 1139 2710 Tarquinium
1183 2629 1647 2708 Superbum....
1682 2649 1721 2690 a
1760 2649 1956 2709 regno
1988 2629 2328 2709 ejecerunt.
2366 2655 2393 2686 »

345 2730 593 2792 Abhinc
643 2729 989 2810 plurimum
1044 2728 1236 2789 distat
1293 2736 1356 2788 et
1412 2727 1717 2789 abhorret
1770 2727 2048 2789 Thomas
2106 2728 2185 2788 ab
2227 2729 2629 2808 opinionibus

257 2829 494 2910 quibus
537 2828 817 2889 inserviit
874 2829 1154 2889 Joannes
1216 2825 1731 2902 Saresberiensis,
1774 2832 1836 2885 et
1891 2844 2219 2905 expresse,
2264 2844 2625 2907 quanquam

257 2927 450 2990 aliter
485 2926 702 2987 multis
744 2925 946 2986 visum
987 2929 1102 3000 est,
1138 2923 1400 2984 damnat
1441 2923 1933 3002 tyrannicidium
1977 2929 2038 2985 et
2073 2922 2475 2984 vehementer
2497 2942 2628 2984 res-

261 3026 427 3106 puit,
471 3023 884 3100 Evangelium
927 3042 1056 3102 prae
1099 3041 1164 3083 se
1205 3023 1412 3082 ferens
1455 3038 1470 3082 τ
1513 3045 1544 3078 «
1585 3023 1663 3082 Et
1697 3021 1749 3080 si
1782 3021 1862 3082 sit
1889 3021 2302 3082 intolerabilis
2344 3041 2632 3082 excessus
2668 3067 2673 3072 -

263 3122 645 3202 tyrannidiS,
678 3121 1058 3201 quibusdam
1087 3120 1287 3181 visum
1329 3120 1448 3180 fuit
1486 3126 1554 3179 ut
1593 3120 1671 3180 ad
1713 3119 1964 3181 fortium
2012 3118 2289 3180 virorum
2335 3121 2629 3182 virtutem

263 3220 584 3301 pertineat
631 3226 973 3300 tyrannum
1033 3218 1392 3280 interimere
1399 3265 1522 3280 .....
1574 3217 1693 3278 Sed
1739 3218 1860 3279 hoc
1912 3218 2272 3298 apostolicae
2326 3219 2630 3279 doctrinae

265 3338 399 3380 non
447 3318 742 3397 congruit
749 3364 874 3380 .....
931 3318 1109 3378 Unde
1157 3335 1350 3396 quum
1405 3315 1587 3375 multi
1656 3316 1922 3376 Romani
1975 3316 2391 3396 imperatores
2439 3315 2631 3376 Iidem

264 3421 800 3497 persequerentur
830 3415 1178 3495 tyrannice,
1205 3432 1564 3492 magnaque
1586 3411 1925 3473 multitudo
1956 3420 2084 3475 tam
2108 3412 2417 3474 nobilium
2439 3432 2630 3493 quam

264 3513 491 3595 populi
509 3523 674 3576 esset
701 3512 783 3574 ad
804 3511 990 3574 iidem
1015 3531 1346 3589 conversa,
1381 3530 1509 3572 non
1533 3510 1876 3572 resistendo
1898 3511 2006 3571 sed
2026 3517 2298 3572 mortem
2321 3512 2635 3590 patienter

261 3619 330 3674 et
369 3611 636 3672 animati
676 3611 1055 3672 sustinentes
1087 3629 1204 3691 pro
1234 3609 1484 3670 Christo
1516 3604 1885 3681 laniantur,
1925 3607 2084 3670 utin
2115 3627 2295 3670 sacra
2321 3608 2629 3670 Thebaeo—

264 3729 412 3771 rum
442 3709 688 3788 legione
718 3708 1048 3770 manifeste
1081 3715 1349 3788 apparet
1379 3709 1424 3768 ³.
1463 3731 1494 3762 »

347 3807 770 3869 Nihilominus
801 3806 1097 3868 catholici
1117 3806 1427 3883 theologi,
1453 3805 1700 3867 decimo
1728 3811 1904 3867 sexto
1926 3803 2161 3878 seculo,
2190 3805 2629 3866 auctoritatem

261 3912 330 3968 et
385 3905 740 3985 auspicium
799 3905 1062 3966 Thomae
1119 3905 1236 3965 sibi
1299 3903 1779 3985 praetenderunt
1836 3901 1899 3962 in
1961 3901 2080 3964 hac
2142 3904 2219 3964 de
2276 3903 2633 3970 occidendis

264 4002 556 4084 tyrannis
581 4002 952 4082 quaestione.
985 4002 1134 4074 Quae
1165 4001 1402 4080 scripta
1440 4002 1578 4080 ejus
1617 3999 2011 4079 usurpabant
2050 3999 2116 4060 in
2155 3998 2432 4060 deterius
2459 4019 2630 4061 com-

263 4098 741 4161 mentabantur.
772 4101 1002 4162 Verum
1035 4104 1129 4159 est
1157 4117 1302 4159 eum
1329 4098 1396 4158 in
1443 4095 1797 4158 Commenta
1846 4097 1909 4156 ἱη
1949 4095 2126 4157 libris
2170 4096 2633 4158 Sententiarum

327 4277 376 4322 1.
402 4273 524 4322 Lib.
552 4272 595 4333 1,
621 4285 669 4321 c.
701 4285 773 4320 ιιι.

327 4346 375 4394 2.
404 4343 528 4394 Lib.
559 4343 601 4401 1,
635 4356 682 4392 c.
711 4357 785 4392 v1.

326 4416 376 4464 3.
404 4414 642 4464 Ibidem.
